2894 4999
575 678 796 749 decet.
853 684 990 755 Sed
1033 690 1194 760 illas
1241 696 1353 763 vel
1404 699 1489 767 de
1535 703 1842 774 obscuro
1888 710 2001 777 vel
2045 712 2131 779 de
2177 714 2494 784 dilucido
2540 737 2781 804 genere

576 793 1096 881 disputationes
1138 813 1438 881 maximi
1480 824 2026 925 momenti-esse
2064 828 2223 913 jure
2263 832 2553 913 dixeris,
2596 854 2782 920 prae·

653 1262 1024 1337 Australes
1065 1276 1282 1355 enim,
1331 1281 1502 1348 dum
1548 1285 1724 1353 haec
1764 1290 2156 1376 disputant,
2206 1297 2420 1381 primi
2461 1299 2777 1365 omnium

564 1393 816 1446 eorum
850 1387 969 1468 qui
1004 1391 1352 1476 originem
1388 1418 1426 1463 a
1459 1398 1727 1470 Latinis
1760 1406 2058 1487 ducunt,
2097 1430 2250 1479 rem
2291 1415 2376 1480 ad
2411 1416 2776 1483 universas

563 1493 836 1566 litteras
888 1512 1330 1588 spectantem
1386 1516 1693 1600 agitasse
1747 1523 2082 1592 videntur
2128 1546 2140 1593 :
2200 1537 2629 1614 argumento
2682 1536 2778 1599 est

561 1614 752 1693 quod
813 1624 1056 1701 postea
1109 1627 1359 1694 eadem
1423 1650 1536 1699 res
1596 1635 1681 1701 de
1744 1637 2022 1724 integro
2080 1643 2153 1709 in
2216 1651 2582 1718 certamen
2643 1666 2774 1715 non

559 1731 783 1797 semel
850 1736 1156 1806 adducta
1223 1750 1352 1811 est.
1425 1747 1603 1815 Nam
1683 1770 2024 1841 persaepe
2091 1761 2282 1845 apud
2349 1765 2773 1831 recentiores

557 1861 818 1930 magna
877 1851 1008 1919 fuit
1063 1861 1425 1928 contentio
1485 1864 1671 1933 inter
1729 1870 2115 1957 scriptores
2176 1877 2297 1960 qui
2359 1881 2636 1964 poesim
2694 1880 2772 1946 ad

556 1962 751 2047 vulgi
794 1984 1091 2037 sensum
1123 1982 1739 2050 accommodatam
1774 2004 1930 2054 esse
1962 1990 2370 2072 voluerunt,
2410 2000 2475 2062 et
2510 2015 2632 2063 eos
2660 1995 2771 2081 qui

555 2082 835 2147 tantum
864 2083 1379 2159 electissimum
1411 2115 1773 2184 quemque
1800 2077 2245 2192 carminibus
2273 2110 2767 2179 delectandum

550 2211 706 2261 esse
760 2199 1382 2276 existimaverunt.
1437 2212 1539 2279 Ita
1593 2215 1667 2281 in
1708 2225 1909 2287 sexto
1950 2222 2229 2291 decimo
2283 2228 2595 2307 saeculo,
2658 2228 2768 2313 qui

548 2308 850 2380 Pleiadis
928 2318 1385 2407 disciplinam
1466 2331 1763 2414 professi
1844 2343 2048 2415 sunt,
2132 2359 2296 2408 cum
2377 2352 2761 2413 nostratem

546 2430 818 2511 poesim
876 2450 1002 2516 per
1042 2439 1376 2524 antiquas
1431 2444 1704 2514 litteras
1759 2450 2123 2522 illustrare
2165 2458 2591 2542 niterentur,
2640 2463 2765 2528 hoc

541 2660 879 2733 laeserint
917 2686 930 2732 :
977 2673 1167 2754 quod
1202 2674 1379 2742 forte
1415 2697 1558 2745 non
1590 2683 1987 2764 accidisset,
2028 2689 2086 2753 si
2121 2691 2316 2776 vulgi
2350 2694 2759 2778 opinionem

539 2778 770 2861 pluris
829 2783 1188 2855 fecissent.
1259 2790 1374 2859 Sic
1435 2801 1501 2861 et
1564 2804 1806 2881 postea
1865 2808 2112 2887 poetae
2166 2806 2284 2873 isti
2343 2811 2466 2893 qui
2522 2812 2759 2896 putide

537 2893 1018 2979 loquebantur
1087 2902 1367 2989 (gallice
1435 2907 1523 2975 les
1579 2913 1933 3001 praciam)
1994 2939 2030 2985 a
2100 2923 2576 3007 scriptoribus
2645 2926 2758 3012 qui

535 3011 832 3095 planum
898 3022 965 3083 et
1028 3019 1433 3106 simplicem
1498 3046 1907 3099 sermonem
1976 3054 2131 3104 esse
2195 3039 2530 3109 volebant
2595 3045 2772 3112 sunt*

533 3127 867 3197 lacessiti.

621 3243 884 3324 Quodsi
939 3269 1134 3319 nunc
1197 3261 1559 3340 quomodo
1618 3263 1702 3328 de
1762 3265 1897 3332 hac
1949 3287 2024 3334 re
2083 3269 2568 3343 provinciales
2623 3274 2752 3362 ipsi

597 3508 648 3562 1.
691 3509 822 3564 Non
867 3511 929 3566 in
971 3515 1238 3572 Australi
1281 3519 1482 3577 Gallia
1520 3529 1753 3580 tantum
1789 3529 1889 3581 sed
1920 3531 2101 3585 etiam
2143 3532 2206 3587 in
2239 3535 2414 3590 ltalia
2442 3537 2516 3591 de
2546 3540 2746 3594 eadem

405 3602 430 3628 0
525 3608 587 3645 re
617 3593 986 3663 disputatum
1022 3605 1127 3655 est.
1158 3603 1314 3658 Nam
1345 3606 1404 3659 in
1438 3611 1611 3663 tertio
1642 3612 1872 3666 decimo
1904 3618 2157 3683 saecule,
2191 3620 2385 3674 italici
2414 3629 2622 3692 poetae
2652 3622 2746 3694 qui

525 3677 934 3736 Provinciales
966 3685 1184 3752 lyricos
1218 3687 1440 3745 imitati
1484 3701 1621 3749 suut
1652 3695 1722 3750 dc
1753 3698 1995 3753 obscuro
2026 3719 2236 3770 genere
2275 3705 2337 3758 in
2381 3708 2745 3762 carminibus

522 3765 660 3816 sunt
705 3765 933 3821 locuti:
977 3770 1128 3837 quod
1173 3789 1356 3839 genus
1404 3777 1510 3830 ali-i
1559 3779 1989 3847 detrectabant,
2037 3803 2170 3839 cum
2216 3787 2375 3843 idem
2420 3791 2527 3845 alii
2573 3791 2743 3848 valde

522 3847 851 3904 laudarent.
902 3851 1052 3907 Cum
1098 3862 1298 3911 autem
1343 3860 1416 3913 ad
1465 3863 1571 3916 hoc
1616 3881 1797 3932 genus
1842 3867 2300 3936 significandum
2352 3874 2575 3931 eisdem
2626 3879 2742 3932 fere

520 3932 716 3986 verbis
766 3951 834 3988 ac
879 3937 1289 3996 Provincialcs
1342 3945 1432 3998 usi
1481 3947 1601 4002 sint
1652 3950 1904 4014 (scilicet
1954 3953 2159 4008 estias-o
2203 3959 2473 4028 pat-lare,
2516 3960 2738 4017 dettato

503 4015 690 4086 sorte,
725 4019 924 4074 sectile
933 4037 976 4085 ),
1013 4031 1243 4080 constat
1275 4029 1452 4084 Italos
1484 4049 1597 4086 non
1633 4036 1803 4089 modo
1838 4037 2311 4096 Provincialium
2345 4045 2614 4102 carmina
2642 4043 2737 4099 sed

517 4099 697 4154 etiam
725 4103 1158 4173 disputationes
1186 4110 1451 4168 imitatos
1480 4132 1620 4171 esse.
1655 4119 1741 4173 De
1769 4122 1877 4174 hoc
1907 4139 1964 4175 v.
1998 4123 2265 4194 Gaspa.1·y
2298 4144 2309 4180 :
2350 4127 2466 4182 Dic
2496 4127 2739 4185 Sicilia-

517 4184 716 4241 nisclec
746 4187 1201 4248 Dicletersclezclc
1231 4193 1333 4251 des
1363 4196 1740 4260 (lt-cizelentcn
1768 4205 2233 4273 Jceln·le1cn‹l‹›rts,
2268 4227 2324 4284 p.
2369 4213 2627 4282 107-113.
