2894 4999
1553 417 1908 501 —32-

613 627 951 694 narrandi
995 633 1117 695 3111
1156 629 1524 713 judicandi
1565 649 1781 698 causa
1826 631 2158 698 similiter
2197 632 2385 699 dicta
2436 632 2827 716 deprehen-

611 744 776 810 dere
817 745 1048 822 liceat,
1103 764 1188 811 ex
1240 747 1376 813 hoc
1417 747 1885 831 probabiliter
1926 749 2404 832 paucissimos
2456 749 2824 833 scriptores

611 860 771 926 illas
805 860 987 927 vitas
1019 862 1517 946 composuisse
1549 863 1805 929 confici
1847 870 2103 948 potest.

699 975 1214 1043 Verumtamen
1257 975 1655 1062 Lyricorum
1694 977 1881 1044 Vitae
1922 980 2222 1045 maximi
2263 986 2435 1047 sunt
2465 980 2820 1056 momenti,

611 1092 671 1158 si
714 1092 1161 1158 Australium
1203 1092 1507 1177 lyricam
1560 1095 1837 1178 poesim
1878 1095 2282 1162 describere
2324 1096 2526 1162 velis.
2566 1095 2825 1161 Etenim

611 1207 930 1292 primum
973 1226 1100 1292 per
1139 1209 1269 1274 has
1313 1228 1496 1294 quae
1537 1228 1799 1294 genera
1840 1211 2048 1276 multi
2092 1217 2339 1302 poetae
2380 1211 2827 1278 tracta-verint

609 1322 948 1390 novimus
1009 1341 1020 1388 :
1091 1326 1281 1408 quod
1346 1344 1783 1410 magnopere
1852 1326 2088 1403 refert,
2155 1327 2323 1411 quia
2386 1333 2507 1394 aut
2570 1328 2821 1394 horum

610 1440 905 1505 nomina
932 1443 1216 1505 tantum
1249 1446 1416 1507 nota
1446 1441 1825 1520 habemuS,
1860 1447 1981 1508 aut
2016 1443 2453 1526 paucissima
2494 1462 2580 1509 ex
2612 1442 2827 1528 operi-

610 1554 746 1622 bus
775 1575 956 1640 quae
984 1557 1088 1622 illi
1115 1556 1565 1641 scripserunt
1592 1563 1899 1624 exstant.
1933 1557 2027 1624 De
2056 1558 2395 1624 omnibus
2427 1565 2669 1626 autem
2700 1559 2828 1624 tere

612 1673 856 1756 lyricis
934 1673 1006 1739 in
1091 1669 1256 1738 Vitis
1331 1672 1596 1739 dicitur
1663 1673 1925 1757 quibus
2005 1674 2427 1758 praesertim
2505 1674 2828 1760 operibus

609 1789 876 1854 13313111
940 1788 1308 1855 consecuti
1370 1789 1537 1854 sint.
1611 1788 1738 1855 Cui
1800 1789 2214 1856 testimonio
2283 1809 2414 1856 nos
2482 1789 2829 1878 confidere

609 1905 832 1981 decet,
871 1923 1041 1970 113111
1083 1905 1268 1972 vitae
1299 1923 1554 1971 eorum
1587 1924 1899 1989 quorum
1932 1906 2176 1972 omnia
2209 1905 2353 1972 1919
2385 1923 2602 1991 opera
2634 1906 2831 1972 habe-

609 2040 773 2088 mus
801 2022 887 2088 de
918 2022 1031 2088 his
1065 2041 1232 2089 vera
1266 2021 1532 2088 1919119
1573 2022 1867 2088 5019311.

1666 2322 1789 2412 *ἢκ-ἦε

702 2627 838 2695 Sed
865 2630 951 2696 de
977 2625 1376 2714 Lyricorum
1409 2626 1574 2695 Vitis
1600 2629 1673 2694 in
1704 2629 1956 2715 primis
1984 2647 2066 2697 eo
2093 2628 2396 2696 consilio
2424 2628 2738 2695 dicimus
2765 2632 2830 2695 ut

611 2747 974 2830 quomodo
1032 2745 1117 2812 de
1176 2745 1403 2829 poetis
1464 2744 1538 2809 in
1597 2745 1710 2811 his
1767 2745 2126 2829 judicetur
2184 2744 2675 2812 ostendamus.
2749 2742 2829 2808 De

612 2862 1011 2929 multorum
1054 2866 1295 2927 31119111
1346 2860 1743 2945 lyricorum
1798 2860 2087 2945 ingenio
2141 2864 2265 2926 aut
2311 2859 2631 2926 fama-in
2682 2855 2831 2925 Vitis

609 2977 1088 3044 existimatur.
1144 2976 1492 3060 Equidem
1541 2976 1727 3042 inter
1773 2977 1949 3043 haec
2003 2976 2269 3061 judicia
2308 2976 2539 3042 multa
2582 2992 2827 3060 parum

678 3225 730 3280 1.
773 3226 864 3281 Ex
894 3224 1040 3280 vitis
1071 3228 1377 3294 poetarum
1409 3241 1658 3294 quorum
1688 3223 2054 3279 mentionem
2084 3224 2183 3278 hic
2208 3223 2464 3279 facimus
2494 3222 2831 3279 testimonia.

606 3310 679 3364 de
709 3310 955 3379 poeticis
986 3310 1298 3379 generibus
1329 3327 1479 3379 quae
1518 3309 1612 3363 illi
1644 3312 2055 3378 tractaverunt
2085 3308 2321 3378 excerpi
2366 3312 2617 3378 possunt
2649 3325 2662 3376 ;
2707 3322 2827 3377 per-

609 3395 934 3449 multorum
964 3394 1209 3448 nomina
1238 3392 1565 3459 afferimu3‚
1584 3397 1650 3448 ut
1673 3396 1958 3463 quantam
1980 3393 2309 3448 utilitatem
2323 3391 2500 3447 Vitae
2520 3392 2831 3463 praebeant

607 3479 680 3534 ad
720 3478 1095 3533 Australium
1138 3478 1364 3548 poesim
1407 3478 1859 3533 describendam
1902 3478 2289 3533 manifestum
2322 3478 2443 3531 fiat.
2492 3476 2737 3532 Etenim
2768 3474 2829 3530 ad

611 3566 720 3618 1109
753 3564 887 3633 plus
919 3562 1118 3616 minus
1149 3561 1453 3632 pertinent
1484 3562 1645 3616 vitae
1678 3561 2076 3617 Cercamundi
2112 3560 2377 3633 (Bi09r.‚
2410 3578 2466 3626 p.
2500 3561 2578 3629 9),
2612 3562 2827 3615 Marca-

606 3648 783 3704 bruni
817 3646 1015 3716 abiot„
1042 3663 1099 3716 p.
1124 3647 1200 3712 9),
1237 3647 1401 3701 Petri
1433 3647 1507 3701 de
1537 3647 1889 3701 Bussiniaco
1913 3650 1992 3717 (p.
2015 3648 2127 3713 34),
2158 3646 2399 3701 Geraldi
2432 3646 2505 3701 de
2538 3646 2829 3701 Saliniaco

609 3736 689 3804 (p.
725 3734 836 3798 35),
872 3732 1142 3801 Hugonis
1173 3730 1245 3785 de
1284 3732 1633 3785 Baccalaria
1664 3734 1743 3801 (p.
1777 3732 1889 3797 43),
1938 3730 2256 3807 Reginaldi
2288 3730 2359 3785 de
2390 3732 2581 3785 Ponte
2613 3732 2690 3800 (p.
2729 3730 2828 3793 46),

609 3817 861 3874 Guarini
901 3816 1077 3871 Fusci
1111 3818 1190 3885 (p.
1223 3816 1336 3882 53),
1371 3816 1538 3871 Petri
1570 3816 1827 3870 Arverni
1872 3819 1951 3885 (p.
1985 3816 2098 3882 53),
2145 3815 2433 3885 Delphini
2465 3815 2727 3869 Arverni
2758 3817 2827 3883 (p.

605 3902 719 3969 54),
767 3901 934 3957 Petri
985 3902 1056 3956 de
1106 3901 1390 3956 Mansaco
1431 3904 1511 3970 (p.
1554 3901 1667 3967 58),
1720 3901 2003 3955 Μ()339111
2054 3901 2126 3954 (19
2170 3900 2566 3954 Montalduno
2608 3902 2683 3969 (p.
2728 3898 2829 3963 61),

607 3987 774 4043 Petri
809 3985 1148 4042 Cal-dinalis
1181 3988 1260 4055 (p.
1295 3986 1407 4051 62),
1444 3986 1687 4041 Geraldi
1722 3986 1855 4039 Rufi
1889 3988 1968 4054 (p.
2002 3985 2115 4051 63),
2151 3984 2404 4039 Guarini
2437 3985 2509 4038 de
2544 3982 2830 4054 Apcherio

607 4074 687 4142 (p.
734 4071 847 4138 63),
907 4070 1201 4125 Dominae
1258 4070 1681 4139 Langobardae
1729 4072 1809 4139 (p.
1850 4069 1964 4135 72),
2022 4068 2187 4124 Petri
2238 4068 2554 4124 Guillelmi
2604 4072 2683 4138 (p.
2727 4068 2829 4131 76),

606 4155 840 4211 Alberti
883 4172 918 4211 a
962 4154 1280 4212 Coturnice
1323 4154 1592 4223 (Cailla)
1636 4158 1715 4225 (p.
1758 4155 1870 4220 76),
1916 4153 2269 4209 Comitissae
2316 4152 2558 4209 Diensis
2603 4155 2682 4223 (p.
2726 4152 2829 4217 77),

607 4240 932 4297 Pistoletae
959 4242 1038 4312 (p.
1063 4240 1176 4308 81),
1212 4239 1415 4309 Ogerii
1447 4241 1527 4310 (p.
1558 4238 1671 4308 88),
1706 4238 2022 4295 Guillelmi
2048 4237 2295 4295 Macelli
2323 4242 2405 4309 (p.
2429 4237 2542 4307 88),
2569 4234 2830 4297 Folcheti
