2894 4999
1585 395 1939 488 2-504

733 599 1088 698 Ceterum,
1120 617 1529 704 cum'lyrici
1560 611 1853 704 quidam
1895 616 2044 702 jam
2076 621 2235 684 tum
2261 616 2611 684 obscurae
2636 596 2819 703 poesis

648 735 816 802 vitia
879 735 1400 822 perspexerint,
1472 735 1832 804 minorem
1893 733 2502 819 vituperationem
2564 734 2839 816 subeunt>

643 850 1154 938 provinciales.
1199 850 1547 919 Pauciora
1588 850 1906 937 quidem,
1952 850 2147 918 haud
2188 850 2597 936 spernenda
2632 854 2819 917 tamen

644 963 730 1034 de
771 967 905 1036 hac
936 986 1013 1036 re
1043 967 1384 1035 dixerunt
1419 986 1433 1035 ε
1473 967 1788 1035 notanda
1818 965 1893 1036 in
1925 965 2183 1052 primis
2212 966 2552 1034 videntur
2580 985 2660 1035 ea
2686 983 2819 1052 quae

644 1083 992 1152 Geraldus
1025 1083 1511 1152 Borneliensis
1544 1083 1700 1169 pari
1730 1083 2241 1170 perspicuitate
2280 1100 2363 1151 ac
2401 1081 2737 1168 sapientia
2767 1080 2819 1148 ad

643 1200 1044 1269 dilucidum
1085 1215 1316 1286 genus
1355 1197 1891 1268 defendendum
1933 1198 2302 1286 professus
2340 1203 2474 1266 est.
2520 1198 2643 1265 Ille
2678 1197 2819 1266 enim

644 1317 820 1402 quid
849 1316 1086 1403 poesis
1114 1315 1224 1384 vis
1255 1315 1655 1402 requireret
1680 1319 1749 1384 et
1778 1315 2001 1383 simul
2030 1313 2205 1400 quid
2234 1319 2614 1401 poetarum
2643 1313 2819 1380 lamae

645 1433 986 1520 prodesse
1013 1436 1255 1520 posset
1280 1431 1635 1500 intellexit
1655 1437 1747 1513 et,
1776 1431 2111 1518 quamvis
2137 1431 2433 1500 brevem
2461 1431 2548 1498 de
2572 1431 2821 1498 obscuro

644 1565 904 1634 genere
935 1547 1370 1618 sententiam
1408 1547 1679 1628 tulerit,
1718 1565 1939 1636 quam
1971 1547 2373 1616 rectissime
2403 1547 2492 1615 de
2523 1546 2656 1615 hoc
2681 1545 2821 1631 Judi-

644 1665 834 1733 cavit
869 1682 884 1730 :

1326 1789 1393 1868 ζ..
1427 1825 1509 1868 cu
1533 1807 1638 1867 dic
1669 1807 1725 1888 q'
1754 1825 1837 1868 en
1866 1805 2196 1868 l’escurzir

1323 1920 1457 1960 non
1484 1919 1547 1960 es
1580 1899 1867 1980 l’affanz,

1323 2012 1466 2054 mas
1497 2013 1577 2054 en
1608 1994 1808 2054 l’obra
1835 1993 2165 2054 sclarzir¹.

735 2193 1036 2275 Etenim,
1075 2195 1136 2263 si
1175 2199 1503 2281 tempora
1534 2195 1900 2281 respiciaS,
1934 2187 2218 2264 Geraldi
2258 2194 2615 2281 judicium
2645 2198 2819 2262 matu·

647 2312 798 2380 rius
825 2312 1048 2379 fuisse
1070 2329 1288 2396 quam
1312 2311 1436 2378 illa
1458 2310 1728 2378 ferebat
1753 2315 1947 2380 aetas
1976 2309 2445 2379 manifestum
2468 2315 2599 2378 est.
2625 2309 2818 2378 Nonne

562 2492 573 2502 .
645 2429 838 2496 idem
882 2426 1115 2495 multo
1162 2431 1321 2515 post
1361 2427 1450 2494 de
1495 2426 1692 2513 poesi
1739 2425 2221 2514 praecipiebat
2264 2425 2568 2493 Bolaeus
2616 2426 2767 2512 ipse,
2796 2441 2819 2487 a

649 2563 792 2630 quo
814 2544 1153 2612 Racinius
1178 2545 1272 2611 ita
1295 2542 1674 2611 institutus
1696 2542 1831 2611 fuit
1852 2548 1929 2611 ut
1953 2560 2208 2610 versus
2230 2542 2476 2610 faciles
2497 2542 2819 2610 difficulter

647 2658 1039 2729 conderet?
1065 2660 1454 2728 Geraldum
1478 2659 1697 2745 igitur
1721 2677 1866 2728 non
1889 2659 2127 2726 solum
2155 2664 2403 2744 poetae
2424 2658 2655 2726 officio
2673 2657 2819 2723 func-

645 2781 802 2844 tum
843 2795 1022 2871 esse,
1070 2776 1194 2843 sed
1225 2775 1441 2843 etiam
1475 2774 1989 2843 existimatoris
2030 2780 2270 2861 partes
2310 2790 2521 2858 agere
2561 2771 2819 2859 potuisse

647 2892 1019 2987 latendum
1051 2897 1182 2959 est.

589 3180 596 3189 ·
716 3168 768 3223 1.
811 3168 886 3223 V.
920 3184 1118 3239 supra,
1151 3183 1209 3238 p.
1241 3166 1330 3223 22.
