2894 4999
1522 353 1875 432 „32-

582 557 774 646 quod
807 560 1267 647 peculiariter
1306 560 1398 627 sit
1427 560 1517 627 de
1557 560 1814 628 litteris
1854 560 2265 645 judicandis
2298 560 2640 628 videmus
2678 580 2698 639 ;
2747 577 2841 627 ne

584 677 894 745 technici
918 677 1211 762 quidem
1239 681 1469 744 artem
1496 676 1960 744 existimandi
1987 682 2281 763 propter
2306 695 2382 744 se
2407 677 2837 744 coluerunt.

583 791 765 872 Quid
796 793 954 872 hoc,
992 793 1076 872 si,
1113 811 1281 860 cum
1315 792 1514 859 aliud
1545 811 1754 878 agere
1795 792 1870 859 in
1909 792 2155 861 animo
2186 792 2557 873 haberent,
2590 798 2843 860 rectas

583 908 979 977 sententias
1027 909 1356 977 tulerunt
1394 913 1463 976 et
1513 908 1962 993 probabilem
2003 907 2467 997 disciplinam
2514 908 2841 995 professi

583 1030 755 1092 sunt
784 1022 822 1090 ‘?
863 1025 1027 1091 Esto
1063 1042 1077 1089 :
1124 1024 1360 1091 rarius
1401 1023 1492 1091 ob
1545 1024 1817 1110 ingenii
1866 1043 2177 1093 acumen
2228 1024 2573 1093 laudandi
2617 1025 2840 1093 nobis

586 1140 724 1206 visi
773 1144 995 1220 sunt;
1055 1140 1180 1206 sed
1235 1138 1568 1205 nonnulli
1620 1139 1814 1206 haud
1868 1138 2271 1207 disserendi
2318 1138 2704 1226 imperitos
2761 1157 2841 1207 se

585 1256 1100 1341 praebuerunt,
1146 1254 1573 1340 praesertim
1623 1254 1683 1321 si
1723 1259 2049 1341 tempora
2091 1255 2435 1342 respicias
2472 1274 2485 1323 ε
2531 1274 2713 1325 nam
2760 1256 2839 1322 in

587 1371 776 1439 tertii
810 1370 1072 1438 decimi
1099 1375 1165 1437 et
1195 1370 1432 1456 quarti
1460 1370 1719 1437 decimi
1753 1370 2023 1439 saeculi
2050 1372 2525 1457 scriptoribus
2550 1377 2839 1463 certam

584 1492 653 1555 et
707 1486 916 1572 quasi
983 1491 1347 1553 maturam
1414 1484 1880 1555 existimandi
1946 1486 2364 1556 facultatem
2431 1485 2843 1557 desiderari

585 1603 1024 1690 iniuriosum
1056 1608 1187 1670 est.

675 1720 925 1787 Nonne
953 1736 1123 1787 vero
1151 1719 1340 1786 inter
1364 1717 1631 1803 lyricos
1654 1716 2005 1786 Geraldus
2032 1718 2517 1789 Borneliensis
2542 1720 2622 1788 in
2650 1717 2838 1807 ipsis
2862 1764 2891 1792 ,ι

585 1834 1034 1902 carminibus
1062 1851 1595 1918 nonnunquam
1623 1834 1709 1901 de
1736 1834 1974 1919 poesis
2003 1835 2075 1902 vi
2099 1835 2464 1921 sapienter
2488 1841 2557 1905 et
2589 1828 2881 1909 lucide's„

587 1948 996 2018 disseruit?
1037 1948 1308 2017 Indicio
1343 1954 1514 2017 sunt
1556 1948 1753 2017 illius
1794 1950 2119 2019 carmina
2150 1951 2640 2021 Provinciales
2682 1952 2837 2038 jam

591 2071 749 2134 tum
802 2084 924 2133 eos
963 2064 1280 2133 evasisse
1321 2065 1444 2151 qui
1494 2064 1829 2132 distincte
1869 2065 2044 2150 quid
2090 2085 2209 2134 ars
2248 2068 2519 2137 valeret
2565 2073 2637 2137 et
2690 2084 2839 2155 quo

590 2182 767 2249 haec
797 2182 1091 2249 tendere
1126 2185 1368 2266 posset
1408 2179 1932 2266 intellegerent.

680 2292 1134 2363 Raimundus
1157 2296 1407 2363 Vitalis
1429 2300 1499 2363 et
1527 2296 1825 2363 liberius
1848 2301 1917 2365 et
1942 2298 2210 2367 rectius
2236 2298 2324 2367 de
2348 2299 2837 2389 scriptoribus

589 2412 1098 2490 existimasset,
1146 2410 1207 2479 si
1247 2412 1337 2478 ad
1378 2412 1567 2478 hanc
1607 2429 1902 2497 operam
1944 2416 2177 2480 totum
2222 2432 2299 2483 se
2344 2416 2829 2485 contulisset:

592 2539 1028 2608 nunc,·cum
1060 2528 1269 2613 quasi
1300 2527 1742 2613 praeteriens
1782 2528 1856 2596 id
1895 2531 2301 2610 tentaverit,
2339 2514 2836 2617 quibus‘exis-

591 2643 950 2711 timatoris
991 2643 1304 2729 propriis
1346 2643 1739 2711 virtutibus
1779 2644 1932 2730 ipse
1972 2646 2340 2730 praeditus
2384 2652 2572 2716 esset
2621 2647 2835 2716 nobis

591 2763 878 2825 tantum
905 2759 1364 2844 conjecturae
1392 2759 1759 2827 faciendae
1787 2760 2070 2846 copiam
2101 2760 2289 2830 fecit.

682 2874 1002 2959 Denique
1029 2893 1156 2960 per
1193 2877 1388 2959 Leyes
1411 2871 1683 2940 Amoris
1713 2875 1887 2960 quid
1917 2876 2314 2946 novissime
2338 2879 2415 2946 in
2454 2884 2605 2949 arte
2636 2879 2836 2948 exis-

593 2989 899 3058 timandi
961 2989 1330 3057 effecerint
1389 2989 1764 3058 Australes
1827 2991 2210 3078 dijudicari
2271 2999 2505 3080 potest
2557 3013 2571 3062 ε
2637 2998 2836 3081 136963

593 3105 788 3173 enim
831 3105 1039 3189 quasi
1070 3105 1636 3173 Provincialium
1678 3107 2083 3175 litterarum
2123 3113 2642 3181 testamentum
2675 3128 2834 3180 esse

594 3220 888 3287 dixeris.

683 3335 904 3403 Multa
938 3337 1227 3422 quidem
1259 3337 1333 3404 in
1360 3336 1729 3406 Guillelmi
1754 3337 2115 3408 Molinarii
2139 3357 2353 3426 opere
2384 3343 2589 3428 parvi
2619 3341 2833 3431 pretii

593 3470 752 3520 esse
778 3452 1091 3518 confessi
1131 3470 1414 3520 sumus.
1449 3453 1587 3521 Sed
1628 3455 1687 3521 si
1728 3456 2245 3541 expeditiorem
2279 3458 2354 3524 in
2393 3459 2721 3528 oratione
2759 3477 2834 3527 se

596 3566 1068 3651 praebuisset,
1114 3568 1346 3651 pluris
1387 3569 1708 3654 protecto
1748 3570 2198 3656 diligentiam
2247 3573 2405 3659 ejus
2448 3579 2519 3642 et
2561 3575 2833 3646 doctri-

597 3700 765 3749 nam
796 3681 1224 3750 faceremus.

683 3796 1040 3878 Ceterum,
1065 3798 1127 3865 si
1153 3801 1344 3884 Leqes
1368 3797 1639 3867 Amoris
1663 3819 1832 3868 cum
1856 3802 2219 3887 operibuS,
2244 3824 2428 3890 quae
2448 3808 2536 3876 de
2556 3809 2828 3880 eisdem

596 3913 812 3980 rebus
846 3933 883 3980 a
918 3912 1618 3999 Septentrionalibus
1646 3922 1810 3985 ante
1851 3919 2257 3987 litterarum
2289 3925 2827 3996 renovationem

597 4028 785 4094 edita
825 4035 1018 4108 sunt,
1065 4031 1562 4110 conferuntur,
1609 4032 1723 4099 his
1768 4033 1930 4101 illas
1980 4035 2191 4122 longe
2230 4044 2594 4122 praestare
2632 4041 2830 4110 affir-

599 4145 781 4210 mari
807 4149 1070 4230 potest.
1109 4144 1387 4216 Etenim
1429 4146 1504 4212 in
1545 4144 1825 4232 Leyibus
1863 4148 2135 4217 Amoris
2165 4169 2721 4242 nonnunquam,
2757 4159 2828 4226 in
