2894 4999
1424 415 1779 483 -74—
2692 431 2723 446 -

483 627 782 677 cursum
806 611 1126 680 hiantem
1152 612 1653 698 reprehendat,
1683 617 1931 698 poetae
1956 615 2197 679 tamen
2219 611 2409 678 hanc
2432 609 2723 677 veniam

484 725 603 792 dat
630 733 707 795 ut
734 728 1171 812 quibusdam
1203 729 1442 795 verbis
1471 729 1754 796 usitatis
1785 747 1867 796 ac
1893 727 2079 796 tritis
2110 725 2284 814 (qu-i,
2322 724 2404 804 si,
2440 725 2524 793 ni
2555 723 2720 811 etc.)

484 847 752 920 utatur,
797 844 1016 910 etiam
1049 845 1107 910 si
1149 845 1434 912 hiulcae
1476 829 1686 912 voces
1726 844 2154 922 efficiantur,
2191 845 2367 910 dum
2405 862 2722 928 sequens

485 958 754 1024 vocalis
794 960 1046 1027 eadem
1087 979 1175 1028 119
1215 960 1366 1028 sit¹.
1414 961 1753 1028 Eamdem
1797 960 2084 1027 veniam
2126 960 2353 1045 poetis
2394 960 2569 1026 dare
2609 979 2726 1026 re·-

483 1074 839 1142 centiores
879 1077 1214 1156 technici,
1260 1096 1428 1143 cum
1473 1076 1695 1143 nimia
1736 1076 2117 1143 severitate
2160 1081 2565 1154 uterentur,
2599 1075 2727 1142 diu

485 1189 1024 1258 dubitaverunt.

577 1305 786 1373 Recte
806 1307 1024 1374 etiam
1046 1307 1479 1375 Guillelmus
1502 1309 1869 1376 duriorem
1900 1308 2153 1392 legem,
2182 1325 2364 1390 quae
2390 1307 2725 1373 eamdem

486 1429 1006 1490 consonantem
1033 1425 1105 1490 in
1129 1431 1453 1491 extrema
1477 1431 1675 1510 parte
1696 1425 1891 1492 vocis
1908 1430 1979 1519 et
1998 1424 2073 1492 in
2096 1425 2327 1511 prima
2351 1424 2735 1510 sequentis

487 1539 682 1605 vocis
725 1545 924 1624 parte
957 1541 1124 1625 poni
1158 1546 1372 1619 vetat,
1410 1541 1691 1626 mitigat
1726 1559 1739 1606 :

578 1673 608 1716 (ι
665 1655 742 1721 Et
801 1674 1012 1740 aysso
1067 1657 1295 1724 dizem
1356 1675 1485 1741 per
1541 1675 1680 1741 que
1738 1662 1899 1741 trop
1958 1674 2053 1722 no
2108 1661 2517 1741 estrengam
2572 1662 2737 1724 esta

487 1770 766 1837 sciensa
808 1789 844 1838 e
899 1791 1026 1856 per
1066 1791 1145 1838 so
1195 1792 1334 1856 que
1390 1791 1517 1857 per
1556 1790 1733 1857 gran
1784 1773 2317 1856 estreysshedat
2356 1771 2467 1838 del
2511 1773 2739 1840 saber

473 1887 658 1952 hom
687 1905 833 1954 non
861 1888 1150 1972 laysshe
1177 1907 1354 1973 gran
1384 1907 1459 1955 re
1486 1889 1572 1954 de
1598 1889 1727 1954 1108
1755 1893 2026 1954 motz...
2062 1889 2253 1968 Quur
2276 1905 2466 1972 moys
2491 1905 2741 1960 amam

487 2020 615 2088 que
645 2021 740 2068 un
772 2022 954 2088 pauc
989 2001 1090 2069 sia
1134 2021 1335 2090 aspra
1379 2001 1442 2070 Ia
1485 2010 1639 2068 rot:
1676 2021 1804 2090 que.
1832 2000 1891 2068 si
1919 1999 2053 2068 s’en
2082 2000 2328 2088 perdia
2358 2000 2539 2068 bona·
2568 2021 2740 2068 sen-

489 2124 696 2183 teusa.
733 2119 1010 2204 Enpero
1038 2120 1160 2204 qui
1196 2125 1292 2186 tot
1321 2139 1361 2186 0
1389 2127 1510 2204 pot
1537 2120 1818 2204 gardar,
1868 2120 2031 2203 plus
2064 2125 2331 2185 netaes
2364 2117 2655 2185 l'obra'.
2700 2139 2735 2182 »

577 2235 946 2320 Nusquam
993 2235 1310 2320 protecto
1359 2236 1871 2321 sapientiorem
1926 2253 2001 2300 se
2052 2235 2379 2318 praebuit
2419 2234 2740 2301 Guillel-

488 2369 676 2416 mus,
1464 2327 1467 2330 ⁴

576 2466 760 2534 Haec
827 2468 1088 2535 subtile
1155 2468 1508 2553 judicium
1576 2469 1941 2535 declarant
2011 2465 2383 2551 multaque
2451 2466 2738 2533 leviora

487 2590 960 2668 compensant
1009 2603 1020 2649 :
1087 2604 1256 2651 nam
1311 2585 1381 2650 id
1436 2585 1629 2669 quod
1687 2603 1894 2651 1119118
1958 2582 2256 2668 requirit
2314 2600 2484 2649 cum
2547 2583 2740 2649 artis

488 2700 805 2783 poeticae
847 2700 1125 2785 legibus
1161 2701 1275 2766 hic
1315 2701 1584 2785 optime
1611 2700 2101 2785 conjungitur.

577 2816 802 2900 Igitur
843 2816 899 2882 si
943 2816 1028 2882 de
1069 2816 1473 2893 elocutione
1523 2822 1645 2882 aut.
1685 2817 1771 2882 de
1814 2813 2336 2903 versificatione
2390 2812 2743 2880 animad—

487 2932 858 2998 versiones
891 2933 1402 3016 spectabimus,
1452 2931 1922 2997 Guillelmum
1966 2948 2110 2996 non
2152 2934 2433 2995 tantum
2476 2930 2743 2995 erudi-

488 3045 854 3114 tissimum
911 3048 1146 3131 poesis
1187 3047 1569 3131 disciplina
1624 3046 1868 3125 fuisse,
1916 3046 2039 3112 sed
2092 3045 2308 3111 etiam
2362 3048 2743 3128 quatenus

489 3168 864 3247 praecepta
899 3163 1251 3229 servanda
1294 3168 1536 3228 essent
1578 3162 1975 3247 sapientius
2016 3160 2430 3227 definivisse
2470 3159 2743 3227 existi—

487 3278 874 3343 mabimuS.

556 3473 608 3527 1.
652 3474 726 3526 V.
759 3474 802 3538 1,
832 3489 888 3543 p.
922 3473 1010 3527 24.

558 3584 610 3638 2.
657 3600 684 3636 «
728 3585 883 3639 Illud
929 3583 1188 3638 dicimus
1238 3600 1311 3637 ne
1357 3585 1501 3637 haee
1546 3582 1819 3637 doctrina
1869 3580 2051 3635 nimis
2094 3580 2241 3634 artis
2284 3578 2503 3633 finibus
2554 3580 2747 3648 quasi

488 3656 913 3735 circumdetur,
944 3686 1093 3723 neve
1119 3669 1191 3722 ob
1219 3668 1483 3736 ejusdem
1512 3667 1658 3722 artis
1689 3666 1993 3735 angustias
2026 3665 2279 3729 (seilicet
2308 3681 2320 3719 :
2362 3664 2437 3717 ob
2469 3662 2743 3739 nimiam

487 3757 934 3823 praeceptorum
964 3754 1368 3816 severitatem)
1402 3754 1597 3807 multa
1626 3751 1774 3806 bene
1800 3750 1962 3804 dicta
1992 3753 2301 3819 pereant...
2334 3748 2503 3802 Num
2535 3748 2749 3802 malu-

489 3856 617 3891 mus
638 3856 846 3893 sonum
872 3837 1194 3892 subdurum
1220 3854 1345 3890 esse
1367 3854 1544 3907 quam
1572 3837 1783 3890 bonam
1808 3832 2165 3888 sententiam.
2188 3830 2403 3905 perire.
2436 3833 2745 3888 Attamen

488 3923 590 3993 qui
636 3927 956 3993 utrumque
1000 3940 1237 3977 servare
1280 3925 1494 3991 potest,
1538 3921 1587 3974 is
1639 3912 1892 3974 nitidius
1935 3934 2080 3987 opus
2120 3916 2285 3971 facit.
2321 3931 2349 3967 »
2390 3916 2461 3980 (Ι,
2509 3931 2566 3984 p.
2611 3916 2743 3981 28).

488 4008 708 4063 Eodem
746 4010 869 4062 loeo
899 4007 1103 4062 omnia
1133 4007 1300 4061 illius
1343 4006 1501 4060 modi
1545 4010 1788 4074 peccata
1816 4001 2257 4057 exeusationem
2294 4000 2511 4054 habere
2549 4000 2745 4068 dicit,

487 4092 630 4146 dum
671 4093 746 4147 ad
789 4092 1074 4148 orationis
1121 4095 1379 4162 leporem
1427 4090 1789 4144 servandum
1836 4086 2255 4142 admittantur.
2303 4085 2485 4148 Nam,
2520 4088 2587 4139 ut
2620 4085 2746 4153 ait,

491 4176 787 4246 «fructus
819 4175 1032 4230 cortici
1061 4174 1509 4249 anteponendus
1540 4178 1644 4229 est.
1682 4188 1710 4225 »
1756 4188 1784 4225 «
1814 4172 1977 4237 Quar
2003 4187 2141 4241 may
2169 4169 2280 4226 deu
2309 4169 2448 4224 hom
2480 4168 2654 4225 volet·
2685 4171 2751 4229 lo

485 4262 620 4332 frug
644 4278 756 4332 que
787 4262 1076 4317 l'escorsa.
1113 4276 1141 4314 1)
1186 4261 1227 4327 1,
1261 4277 1318 4331 p.
1353 4259 1441 4314 30.
