2894 4999
1535 415 1887 486 ..44-

595 610 684 682 ab
714 612 1202 682 existimatore
1234 615 1581 700 quodam¹
1618 615 2209 684 animadversum
2249 619 2381 696 est,
2418 616 2767 685 doctrinam

591 730 950 816 posterius
982 751 1021 799 a
1052 731 1307 798 Bolaeo
1333 731 1793 818 explanatam
1825 732 2296 800 adumbrasse
2323 732 2637 804 videtur:

914 916 944 954 «
984 901 1072 960 La
1099 901 1250 960 rime
1276 905 1364 960 est
1393 919 1510 960 une
1541 904 1774 959 esclave
1803 906 1862 959 et
1892 919 1967 959 ne
1996 902 2122 958 doit
2152 903 2416 974 qu'obeir
2446 917 2475 957 »

684 1052 819 1121 Res
859 1059 1101 1123 autem
1142 1073 1362 1141 quam
1403 1055 1523 1123 hic
1561 1054 2015 1123 Raimundus
2054 1055 2305 1123 Vitalis
2352 1054 2622 1140 attingit
2656 1072 2772 1120 non

594 1170 684 1238 ad
722 1171 1206 1240 Provinciales
1244 1176 1531 1240 tantum
1573 1171 1871 1252 litteraS‚
1918 1171 2044 1239 sed
2082 1173 2172 1239 ad
2211 1190 2506 1240 omnem
2542 1171 2774 1258 poesim

592 1287 925 1373 pertinet.

683 1401 1042 1482 Quosdam
1083 1405 1300 1472 etiam
1350 1410 1596 1491 poetas
1636 1406 1721 1473 de
1762 1404 2283 1490 compositione
2328 1404 2771 1491 reprehendit,

593 1519 770 1587 dum
801 1521 1045 1587 omnia
1070 1521 1257 1589 inter
1297 1540 1372 1589 se
1413 1527 1577 1608 apta
1617 1527 1684 1588 et
1710 1539 2037 1588 connexa
2067 1539 2224 1588 esse
2257 1521 2413 1588 vult
2452 1521 2527 1587 in
2564 1520 2778 1589 carmi-

593 1633 808 1701 nibus
849 1638 916 1702 et
969 1636 1043 1702 in
1092 1637 1431 1723 operibus
1473 1655 1761 1723 quoque
1808 1639 1899 1705 ad
1947 1637 2395 1705 narrandum
2450 1637 2774 1706 conditis:

594 1769 813 1835 quam
853 1752 1336 1820 constantiam
1376 1754 1452 1820 in
1493 1752 1871 1821 nonnullis
1903 1730 2281 1832 desiderat,
2327 1741 2519 1822 recte
2557 1757 2779 1839 putans

592 1867 909 1936 multum
953 1886 985 1931 «
1018 1868 1279 1936 seriem
1305 1869 1868 1954 juncturamque
1899 1868 2193 1955 pollere.
2230 1889 2261 1933 »

684 2001 716 2046 «
769 1982 902 2051 Per
948 1984 1116 2071 aqui
1157 1985 1419 2052 mezeis
1460 1985 1598 2053 deu
1647 1985 1907 2072 gardar
1950 2007 2008 2064 »,
2056 1985 2174 2064 ait,
2229 2003 2261 2048 «
2307 1986 2368 2052 si
2416 1985 2535 2053 vol
2574 1985 2669 2052 far
2701 2002 2780 2050 un

595 2118 636 2164 ((·
679 2104 929 2166 cantur
967 2119 1010 2167 o
1041 2119 1140 2168 un
1173 2119 1491 2181 romanS,
1530 2109 1616 2187 q'e
1647 2102 1821 2187 diga·
1850 2118 2103 2168 rasons
2144 2117 2182 2168 e
2222 2101 2559 2187 paramus
2586 2099 2780 2169 conti-

595 2234 628 2278 «
682 2217 957 2284 nuadas
985 2236 1023 2284 e
1050 2218 1379 2304 proprias
1409 2223 1478 2284 et
1507 2218 1903 2286 avinentz².
1940 2237 1971 2282 >1

679 2331 1003 2420 Namque
1030 2333 1481 2411 Bernardnm
1501 2334 2168 2401 Ventadornensem
2196 2333 2439 2420 ipsum
2464 2335 2783 2420 vituperat

591 2449 783 2537 quod
823 2449 898 2517 in
938 2450 1252 2536 quodam
1291 2450 1615 2518 carmine
1655 2450 1953 2518 aflectus
1994 2468 2254 2535 parum
2296 2449 2483 2517 inter
2524 2468 2597 2519 se
2640 2467 2782 2518 con-

589 2569 928 2651 gruentes
960 2566 1431 2634 declaraverit
1469 2585 1482 2632 :

681 2700 712 2743 «
755 2682 946 2749 Aissi
971 2700 1132 2749 com
1161 2682 1234 2749 Β.
1267 2682 1381 2749 del
1409 2682 1816 2750 ventedorn
1845 2700 1931 2767 qe
1958 2701 2048 2749 en
2076 2682 2181 2749 las
2211 2682 2593 2768 primieras
2618 2686 2782 2767 qatre

592 2816 626 2861 (e
676 2797 919 2865 coblas
947 2797 1175 2883 d'aqel
1203 2798 1356 2865 sieu
1385 2799 1770 2865 chantar...
1803 2798 1944 2865 ditz
1973 2817 2058 2883 qe
2086 2802 2240 2864 tant
2267 2817 2525 2866 amava
2554 2798 2785 2865 sidonz

589 2932 621 2976 (t
676 2933 762 2999 qe
793 2932 919 2999 per
951 2932 1079 2981 ren
1119 2932 1263 2980 non
1305 2912 1456 2981 s'en
1488 2914 1698 3000 podia
1738 2914 1963 3000 partir
2002 2914 2077 2979 ni
2118 2913 2269 2981 s'en
2300 2914 2620 3000 partiria.
2654 2927 2681 2979 n
2718 2910 2779 2977 Et

592 3048 623 3093 «
675 3048 766 3097 en
796 3030 865 3096 la
892 3029 1143 3116 quinta
1181 3029 1387 3097 cobla
1426 3029 1663 3097 eliditz
1699 3048 1713 3095 :

950 3216 981 3256 ((
1025 3197 1078 3257 Α
1116 3198 1210 3257 las
1243 3203 1470 3257 autras
1502 3199 1606 3257 sui
1629 3198 1909 3257 ueimais
1940 3205 2253 3269 escazutz,

943 3312 1057 3351 car
1079 3302 1288 3351 unam
1311 3294 1446 3369 pot,
1482 3292 1569 3351 sis
1599 3292 1724 3363 vol,
1760 3307 1801 3349 a
1830 3299 1925 3350 sos
1961 3301 2084 3369 ops·
2104 3292 2363 3350 trairffl.
2400 3310 2431 3350 ³>

657 3511 709 3566 1.
750 3510 816 3565 F.
840 3506 1206 3565 Guessardus
1227 3507 1292 3561 in
1319 3523 1349 3559 (c
1369 3507 1660 3563 Gramma
1672 3506 1786 3563 ires
1810 3507 2217 3573 Prooencales
2244 3504 2314 3561 de
2343 3506 2591 3580 Hayucs
2612 3500 2787 3560 Faidit

586 3598 642 3651 et
673 3592 743 3649 de
770 3595 1058 3677 Raymon
1085 3590 1268 3648 Vidal
1298 3590 1369 3647 de
1393 3590 1743 3648 Besaudun.
1774 3608 1801 3645 >2
1839 3594 1908 3647 ΙΙ·
1934 3591 2139 3659 editio,
2170 3591 2632 3658 Paris-Franek‚
2656 3585 2783 3645 1858.

589 3710 654 3718 —
686 3682 816 3749 pa‘g.
851 3678 1006 3733 LIII.

656 3790 708 3845 2.
754 3804 785 3842 «
825 3789 944 3853 Qui
975 3787 1213 3845 carmen
1245 3788 1471 3858 opusv‘e
1503 3785 1873 3862 narrat'ivu'm
1908 3788 2159 3843 condere
2187 3790 2343 3854 vult,
2372 3786 2424 3842 is
2454 3804 2685 3858 operam
2712 3784 2786 3839 det

587 3875 728 3930 huic
758 3875 844 3929 rei
873 3877 941 3929 ut
971 3872 1298 3928 sententias
1330 3877 1387 3927 et
1417 3872 1601 3928 verba
1629 3873 1787 3928 inter
1817 3888 1877 3927 se
1908 3872 2289 3928 cohaerentia
2318 3869 2482 3928 dicat
2523 3876 2580 3928 et
2608 3871 2787 3927 idonea

587 3960 955 4030 etz-jucunda.
991 3974 1019 4012 »
1063 3958 1174 4033 Op.
1209 3956 1398 4021 laad„
1429 3974 1487 4028 p.
1523 3956 1610 4013 85.

657 4072 709 4127 3.
753 4086 782 4124 «
823 4072 940 4127 Isto
992 4074 1164 4141 pacto
1221 4070 1563 4125 Bernardus
1610 4069 2121 4125 Ventadornensis
2178 4069 2242 4124 in
2298 4073 2549 4138 quatuor
2604 4062 2785 4139 primis

587 4172 616 4211 «
657 4155 944 4213 carminis
966 4154 1194 4226 copulis
1224 4154 1310 4210 ait
1339 4171 1401 4209 sc
1431 4152 1583 4209 adeo
1606 4152 1915 4209 dominam
1936 4152 2187 4227 diligere
2214 4156 2276 4209 ut
2302 4153 2460 4209 hanc
2489 4151 2786 4224 relinquere

590 4258 620 4295 ((
665 4241 830 4299 nullo
863 4238 1038 4295 modo
1062 4238 1274 4315 possit,
1309 4243 1516 4296 contra
1546 4238 1705 4295 idem
1733 4238 1797 4295 in
1828 4238 2043 4311 quinta
2068 4238 2353 4295 carminis
2384 4238 2595 4313 copula
2620 4255 2631 4293 :
2672 4236 2783 4291 Jam
