2894 4999
1484 398 1834 468 ...26ss

544 597 885 680 tionibuS,
936 598 1025 668 ad
1065 600 1426 669 scribendi
1467 600 1819 669 rationem
1866 600 2273 687 eligendam
2318 599 2565 686 magni
2608 616 2765 666 mo-

546 717 770 784 menti
801 717 1023 785 luisse
1056 718 1364 786 videtur.

631 832 1007 901 Neminem
1039 834 1233 901 enim
1267 834 1449 920 fugit
1478 835 1743 920 lyricos
1782 835 1929 920 jam
1962 853 1999 901 a
2033 833 2389 919 principio
2424 833 2521 901 ita
2560 832 2765 901 insti-

543 949 767 1017 tuisse
799 955 878 1017 ut
909 969 1126 1035 quam
1162 949 1479 1017 maxima
1512 938 1805 1036 possent
1844 969 2016 1017 cura
2058 949 2602 1021 dissimularent
2628 966 2764 1033 qua

544 1066 992 1133 necessitatis
1041 1067 1316 1134 ratione
1360 1086 1528 1134 cum
1576 1067 2005 1134 mulieribus
2055 1071 2454 1133 uterentur.
2500 1065 2649 1131 Imo
2691 1064 2764 1131 in

543 1182 883 1249 omnibus
945 1183 1162 1260 rebus
1219 1182 1668 1250 occultandis
1726 1183 1901 1249 adeo
1966 1181 2437 1260 delectantur,
2505 1186 2579 1248 ut
2637 1181 2765 1247 hos

544 1316 884 1384 persaepe
926 1299 1081 1366 sine
1130 1299 1279 1366 ulla
1317 1317 1536 1366 causa
1577 1299 1648 1365 id
1688 1316 1896 1384 agere
1937 1298 2229 1365 dixeris
2282 1297 2536 1383 Itaque
2584 1296 2764 1363 fictis
2827 1384 2835 1395 ·

543 1414 963 1482 nominibus
1026 1414 1457 1500 plerumque
1510 1414 1875 1500 appellant
1934 1432 2081 1480 non
2134 1413 2373 1481 solum
2428 1413 2764 1480 mulieres
2843 1398 2845 1401 ’

543 1549 724 1615 quas
764 1550 804 1597 a
844 1549 920 1598 se
959 1531 1159 1615 diligi
1199 1530 1424 1608 aiunt,
1472 1530 1597 1597 scd
1636 1530 1853 1597 etiam
1898 1528 2261 1615 principes
2302 1546 2616 1613 quorum
2655 1527 2765 1595 vel

529 1646 765 1714 tutela
796 1646 909 1714 vel
941 1646 1254 1714 amicitia
1287 1647 1644 1724 nituntur,
1682 1646 1855 1711 dum
1890 1651 2117 1713 artem
2150 1642 2417 1711 celanda·
2456 1644 2760 1730 primam
2843 1650 2845 1731 s

543 1763 872 1830 omnium
903 1768 972 1830 et
1003 1763 1320 1831 maxime
1350 1763 1835 1830 necessariam
1875 1763 2108 1847 legem
2138 1780 2297 1829 esse
2323 1762 2758 1829 existimant.

541 1877 693 1959 Quo
721 1878 802 1947 fit
831 1884 910 1946 ut
949 1884 1017 1946 et
1057 1880 1129 1945 in
1163 1880 1378 1947 rebus
1408 1885 1479 1947 et
1520 1879 1592 1945 in
1624 1879 1863 1947 verbis
1905 1879 2153 1946 eadem
2189 1878 2763 1945 dissimulatione
2843 1946 2845 1949 ,

544 1996 648 2062 uti
675 1996 975 2064 soleant.
1008 1994 1185 2063 Cum
1214 2001 1458 2063 autem
1486 1996 1631 2081 jam
1662 1995 1915 2081 primis
1942 1994 2209 2081 lyricae
2236 1995 2471 2080 poesis
2500 1999 2766 2080 tempo-

542 2111 743 2179 ribus
793 2112 968 2179 haec
1016 2111 1275 2197 placita
1330 2112 1649 2197 viguisse
1698 2116 1999 2189 constet,
2047 2109 2149 2177 nil
2201 2110 2469 2177 mirum
2512 2110 2573 2177 si
2620 2110 2759 2195 jam

542 2233 698 2295 tum
730 2229 816 2295 de
857 2228 1165 2295 obscuro
1196 2228 1554 2295 scribendi
1589 2246 1849 2313 genere
1880 2228 1969 2295 ab
2006 2226 2467 2293 Australibus
2499 2226 2765 2293 disser-

540 2350 694 2411 tum
723 2349 855 2411 est.
2652 2406 2659 2412 ,

629 2460 828 2528 Adde
860 2460 1052 2546 quod
1082 2459 1568 2528 Provinciales
1601 2460 1806 2546 lyrici
1838 2461 1974 2528 hoc
2005 2459 2319 2528 maxime
2353 2460 2765 2545 spectabant

541 2583 619 2644 ut
673 2595 1005 2663 proceres
1054 2577 1503 2644 carminibus
1553 2578 2038 2656 delectarent;
2084 2577 2263 2662 quin
2314 2575 2531 2643 etiam
2585 2576 2765 2643 inter

540 2693 913 2760 Australes
955 2698 1200 2778 poetas
1249 2685 1650 2779 permultos
1692 2693 1969 2760 nobiles
2019 2692 2243 2760 fuisse
2282 2697 2586 2759 constat.
2638 2690 2764 2771 Qui

540 2809 801 2875 humili
855 2809 1012 2876 loco
1065 2814 1272 2876 erant
1333 2809 1612 2876 nobiles
1666 2809 1859 2894 ipsos
1917 2814 2201 2876 tantum
2262 2808 2757 2876 observabant.
2843 2887 2845 2892 .

539 2924 742 3005 Nam,
778 2943 949 2992 cum
991 2943 1118 3010 per
1156 2926 1289 2992 hos
1330 2925 1756 3011 praesertim
1798 2926 2064 2994 famam
2106 2929 2230 2992 aut
2269 2924 2554 2992 divitias
2594 2942 2765 2991 con-
2843 2921 2845 2926 ’

540 3040 741 3125 sequi
777 3047 1094 3127 possent,
1134 3042 1314 3108 nihil
1346 3042 1432 3109 de
1466 3041 1665 3127 vulgi
1706 3041 2043 3126 opinione
2075 3040 2450 3108 curabant.
2496 3039 2758 3126 Itaque,

540 3175 709 3225 cum
765 3156 1178 3224 lectissimis
1231 3157 1431 3235 viriS,
1501 3157 1859 3242 exquisito
1922 3175 2052 3241 pro
2116 3156 2258 3223 illis
2321 3157 2763 3242 temporibus

541 3273 808 3359 judicio
849 3274 1215 3362 praeditiS,
1263 3293 1380 3341 ars
1421 3274 1737 3359 putidior
1776 3292 1920 3341 non
1958 3273 2390 3358 displiceret,
2436 3273 2576 3340 hoc
2614 3273 2762 3358 ipso

441 3377 446 3380 ’
541 3395 789 3475 poetae
838 3408 920 3457 eo
961 3390 1242 3457 facilius
1296 3390 1586 3458 adducti
1640 3396 1811 3456 sunt
1864 3394 1942 3456 ut
1995 3388 2332 3474 ambigua
2385 3394 2453 3456 et
2506 3389 2761 3456 inflexa

539 3507 862 3574 oratione
913 3507 1345 3592 plerumque
1386 3511 1786 3574 uterentur.
1842 3505 2027 3572 Illud
2077 3505 2394 3591 proiecto
2432 3503 2573 3571 dici
2623 3522 2761 3572 non

539 3628 793 3708 potest,
840 3622 1324 3689 Provinciales
1368 3623 1743 3689 molestam
1789 3621 2189 3688 orationem
2230 3621 2319 3687 ob
2350 3639 2510 3687 eam
2536 3621 2760 3688 solam

538 3758 831 3808 causam
857 3739 1228 3806 affectasse
1255 3737 1420 3824 quia
1445 3739 1865 3823 proceribus
1889 3737 2318 3823 plerumque
2342 3737 2754 3814 scriberent,

539 3857 663 3924 sed
690 3857 757 3923 id
782 3861 995 3935 certe,
1026 3837 1188 3922 illos
1218 3855 1312 3921 ita
1338 3855 1551 3922 citius
1575 3854 1969 3924 obscurum
1996 3872 2224 3938 genus
2252 3853 2753 3938 assumpsisse,

536 3977 838 4038 constat.

625 4087 806 4155 Fieri
846 4086 1062 4153 etiam
1104 4086 1334 4183 potuit
1368 4090 1444 4153 ut
1487 4085 1717 4171 lyrici,
1755 4103 1923 4151 cum
1968 4085 2242 4170 poesim
2275 4103 2481 4152 suam
2518 4101 2757 4152 rerum

539 4204 826 4296 inopem
904 4221 1060 4272 esse
1137 4202 1663 4296 perspicerent,
1755 4201 1944 4272 hanc
2029 4201 2337 4294 quadam
2418 4200 2754 4276 orationis
