2894 4999
12 152 17 219 l

12 508 15 521 .
941 460 1056 477 ·—
1107 425 1198 497 17<
1236 466 1324 512 —‚

12 538 15 571 Ι

12 604 15 645 ³
134 620 330 693 Multi
377 626 664 711 quidem
709 626 1082 694 Australes
1123 627 1517 693 obscurum
1568 641 1797 712 genus
1843 641 2263 711 assumpse-

12 648 19 809 ι
59 748 213 809 runt
251 749 366 810 aut
403 748 592 810 certe
634 762 1163 828 nonnunquam
1205 744 1431 810 secuti
1474 749 1642 810 sunt
1672 765 1688 823 ;
1736 743 1983 829 paucis
2016 748 2260 809 tamen

11 832 38 1013 'l
61 858 218 925 locis
245 860 454 945 liujus
485 860 770 944 generis
812 861 1295 946 patrocinium
1328 860 1415 926 ab
1446 860 1591 926 illis
1634 864 2056 945 susceptum
2088 858 2261 926 est'.

33 956 338 1055 'Etenim,
397 976 686 1060 dempta
741 977 1058 1060 poeticae
1117 976 1599 1043 contentionis
1654 995 1873 1061 supra
1922 975 2267 1060 allegatae

11 998 239 1174 (parte
278 1110 494 1177 quam
555 1091 998 1159 Rambaldus
1051 1092 1553 1160 Arausicensis
1610 1092 1920 1177 scripsit,
1982 1096 2265 1157 tantum

67 1208 228 1290 apud
267 1207 475 1274 illum
509 1213 794 1293 poetam
830 1208 946 1295 (ne
981 1210 1282 1275 minoris
1316 1209 1665 1275 momenti
1708 1209 2034 1275 locorum
2069 1225 2269 1273 men-

12 1344 15 1393 3
68 1323 302 1390 tionem
338 1321 719 1409 faciamus)
763 1326 886 1410 qui
919 1326 1311 1392 obscurum
1344 1343 1573 1410 genus
1607 1325 1678 1390 in
1722 1324 2084 1410 praedicto
2114 1340 2271 1388 car-

12 1404 15 1457 ¹
71 1439 234 1506 mine
286 1440 670 1526 improbat,
726 1440 797 1506 id
861 1446 967 1508 est
1030 1442 1223 1526 apud
1284 1440 1673 1507 Geraldum
1731 1440 2268 1507 Borneliensem

12 1520 17 1601 !
71 1554 303 1639 ipsum,
348 1556 622 1641 aliquid
664 1574 793 1641 pro
833 1557 1084 1624 eodem
1126 1575 1386 1642 genere
1427 1557 1860 1643 disputatur.
1898 1554 2052 1635 Qui,
2098 1572 2264 1623 cum

12 1610 19 1789 Ι
75 1689 196 1737 non
220 1673 512 1739 scientia
547 1673 781 1739 solum
817 1678 938 1739 aut
970 1678 1120 1739 arte
1152 1674 1275 1739 sed
1307 1674 1555 1758 judicii
1582 1674 1796 1740 etiam
1829 1672 2162 1739 acumine
2195 1690 2270 1739 se

74 1786 341 1871 dignum
372 1788 786 1873 aequalium
831 1788 1305 1855 admiratione
1348 1793 1764 1874 praestaret,
1813 1806 2153 1873 persaepe
2184 1787 2270 1853 de

75 1901 313 1987 liquido
353 1903 714 1971 scribendi
761 1922 1020 1989 genere
1065 1909 1188 1970 aut
1229 1905 1315 1971 de
1354 1906 1665 1971 obscuro
1709 1905 1783 1970 in
1823 1903 2271 1970 carminibus

12 2010 18 2059 ‚t
77 2017 402 2087 disseruit.
435 2019 827 2105 Postquam
859 2019 1208 2087 Geraldus
1232 2021 1619 2087 ,obscurius
1646 2038 1874 2109 genus
1901 2020 2273 2089 affectave-

77 2139 185 2213 rat,
237 2136 511 2216 deinde,
582 2141 857 2203 mutata
911 2136 1208 2215 ratione,
1278 2136 1761 2203 inaffectatam
1823 2139 1891 2202 et
1943 2135 2149 2221 quasi
2198 2135 2272 2201 in

79 2252 282 2318 medio
308 2252 616 2337 positam
657 2256 884 2319 artem
918 2252 1242 2319 tentavit.
1744 2228 1753 2241 ⁸

151 2364 410 2435 Etenim
465 2386 550 2435 ex
607 2368 836 2454 ipsius
890 2367 1175 2435 Geraldi
1230 2368 1643 2436 testimonio
1697 2368 1895 2435 hunc
1952 2368 2273 2453 primum

83 2481 335 2551 obscuri
374 2484 657 2570 generis
690 2484 1143 2552 defensorem
1184 2484 1406 2552 fuisse
1437 2485 1751 2553 constat'
1788 2503 1799 2550 :
1847 2503 2160 2570 namque
2199 2484 2274 2552 in

81 2604 364 2668 extrema
390 2601 773 2688 cuiusdam
805 2602 1149 2669 carminis
1183 2607 1383 2688 parte
1415 2603 1511 2670 ait
1543 2620 1557 2667 :

518 2795 579 2855 E
605 2815 712 2856 vos
743 2798 1156 2856 entendedors
1186 2796 1416 2875 vejatz‚

722 2909 842 2967 que
871 2890 1076 2949 sabetz
1100 2909 1254 2949 ‘mon
1281 2890 1593 2966 lenyatye,

524 3001 733 3061 quora
762 3001 892 3061 que
920 2984 1089 3043 fezes
1116 2989 1287 3044 motz
1317 2988 1585 3060 serratz,

523 3078 697 3135 s'ara
726 3077 814 3135 los
847 3076 916 3135 ai
946 3078 1062 3136 ben
1087 3077 1449 3136 esclairatz.

523 3170 586 3228 E
613 3171 707 3229 sot
735 3171 904 3229 m'en
929 3171 1068 3248 pels
1096 3172 1308 3248 prims
1339 3172 1664 3247 essorsatz‚

526 3263 956 3340 qu'entendan
988 3263 1173 3341 quals
1203 3282 1424 3322 camos
1457 3264 1565 3322 ieu
1590 3265 1781 3340 fatz³.

142 3508 184 3565 1.
221 3511 342 3568 Etsi
373 3511 678 3568 Arnaldus
717 3510 933 3568 Daniel
973 3510 1038 3566 in
1069 3513 1393 3568 condendis
1423 3509 1694 3568 versibus
1733 3511 2047 3568 obscurum
2093 3527 2278 3582 genus

89 3600 285 3652 secutus
305 3602 391 3652 est
417 3601 477 3652 et
507 3596 664 3652 inter
686 3597 864 3666 hujus
895 3597 1124 3666 generis
1153 3599 1408 3654 fautores
1439 3597 1791 3668 praecipuus
1815 3597 2083 3664 habetur,
2112 3598 2281 3652 nulla

89 3681 350 3737 sententia
379 3697 452 3736 ex
483 3682 609 3750 ejus
640 3681 1008 3737 carminibus
1037 3683 1274 3752 excerpi
1307 3686 1499 3752 potest
1529 3699 1677 3752 quae
1702 3682 1777 3737 ad
1808 3683 1962 3736 banc
1992 3681 2279 3751 quaestio-

89 3778 197 3818 nem
224 3766 535 3836 pertineat.

141 3874 538 3932 2.K01senius
591 3872 1039 3933 accuratissime
1093 3879 1388 3934 recensuit
1445 3892 1649 3932 omnes
1708 3879 1829 3932 fere
1877 3878 2031 3932 locos
2070 3875 2170 3946 qui
2217 3876 2280 3930 in

91 3957 297 4016 Geraldi
328 3962 696 4017 carminibus
732 3962 806 4018 ad
836 3963 1147 4017 obscurum
1183 3980 1364 4032 genus
1395 3963 1658 4018 attinent
1689 3962 1785 4028 (V.
1822 3979 1913 4034 op.
1948 3959 2136 4024 laud„
2180 3977 2281 4031 pp.

89 4041 274 4112 41-45):
297 4065 392 4102 eos
409 4051 645 4102 tantum
665 4046 904 4103 afferem
915 4065 980 4102 us
999 4048 1100 4117 qui
1121 4053 1325 4118 poetae
1345 4047 1706 4102 sententiam
1725 4046 1994 4101 indicare
2014 4050 2279 4116 possunt.

145 4153 187 4210 3.
225 4171 252 4210 «
290 4157 365 4214 Et
393 4171 500 4213 vos
529 4161 820 4224 amante&
855 4157 957 4228 qui
998 4175 1192 4214 meam
1238 4157 1478 4212 dicendi
1526 4157 1817 4212 rationem
1864 4155 2137 4223 novistis,
2172 4156 2283 4211 etsi

92 4253 172 4326 ego
207 4243 496 4312 quondam
545 4242 858 4298 adstrictos
900 4259 1106 4298 versus
1153 4243 1348 4298 facere
1391 4241 1675 4309 solebam,
1722 4257 1919 4297 nonne
1966 4243 2071 4296 hos
2120 4257 2281 4296 nunc

2126 4351 2166 4412 2
