2894 4999
1003 456 1093 487 .-
1141 376 1359 507 19'2'-

622 632 788 693 Eras
813 634 942 693 sim
965 634 1061 711 fos
1093 653 1134 695 a
1159 640 1305 712 qrat
1334 640 1578 712 termut,

1062 728 1370 805 preto-'itm
1398 738 1491 787 ses
1523 727 1665 805 9lut

622 841 716 881 un
745 824 1082 882 chantaret
1108 823 1291 900 prim
1315 842 1347 881 e
1375 828 1621 892 memet,

1066 916 1231 993 qu'el
1260 934 1414 975 ‘mon
1442 935 1575 975 non
1601 916 1687 974 ha

624 1010 838 1069 doctor
863 1009 976 1088 qui
1000 1016 1118 1069 tan
1141 1010 1324 1087 prim
1352 1010 1427 1068 πὶ
1445 1028 1573 1088 pus
1595 1008 1716 1087 pla

1263 1104 1322 1162 lo
1347 1122 1568 1181 prezes

859 1197 933 1254 ni
957 1195 1171 1255 mieils
1200 1195 1446 1274 l'afines
1476 1216 1499 1270 ;

1063 1309 1095 1349 e
1125 1290 1239 1367 qui
1264 1289 1390 1369 (m)
1418 1310 1621 1351 crezes

1063 1382 1279 1442 c'aissi
1307 1385 1592 1456 chanteS,

1255 1477 1501 1554 polim,

1212 1613 1232 1627 .
1260 1572 1510 1649 forbira

1380 1684 1537 1726 ‘mon
1574 1666 1745 1725 chan

1261 1777 1355 1819 ees
1381 1758 1557 1838 effan

1503 1872 1692 1931 9ran.

866 1942 1006 2005 Mas
1038 1964 1079 2004 a
1111 1940 1209 2005 lor
1235 1942 1501 2019 veiaire,

865 2058 1033 2118 quar
1057 2060 1141 2101 no
1166 2042 1365 2101 sabon
1388 2042 1592 2119 qaire,

865 2132 1013 2209 falh
1042 2153 1210 2212 quar
1231 2154 1315 2193 no
1347 2133 1661 2194 l’esclaire

1383 2221 1637 2287 d’aitan

621 2336 740 2397 que
773 2319 1232 2380 l'entendesson
1259 2340 1418 2381 neus
1452 2316 1756 2397 Pansam.

165 2476 502 2549 Geraldus
527 2480 746 2559 enim,
767 2481 938 2549 dum
969 2482 1104 2549 arti
1133 2502 1420 2569 semper
1445 2483 1776 2551 eamdem
1799 2474 2296 2549 difficultatem

92 2594 301 2665 inesse
348 2594 739 2675 contendit,
787 2596 1148 2665 dilucidus
1199 2598 1515 2683 quidem,
1572 2617 1718 2666 non
1767 2596 2092 2666 insulsus
2140 2615 2299 2664 esse

94 2713 326 2782 studet.
357 2713 583 2781 Multa
611 2731 782 2781 vero
807 2718 980 2781 sunt
1019 2714 1283 2782 indicio
1310 2714 1521 2780 illum
1555 2715 1650 2782 ita
1678 2715 1749 2781 in
1784 2715 1919 2782 hae
1943 2713 2299 2781 sententia

95 2829 553 2913 permansisse
587 2834 664 2897 ut
693 2829 780 2896 de
811 2827 1142 2898 versibus
1173 2848 1467 2898 omnem
1500 2831 2014 2899 obscuritatem
2045 2829 2297 2898 tollere

96 2946 528 3016 contenderet
564 2963 579 3012 :

708 3051 816 3112 Tot
844 3058 1058 3113 soavet
1088 3071 1121 3112 e
1144 3053 1220 3113 de
1240 3071 1387 3132 paS,

860 3145 1063 3218 rizen,
1080 3146 1312 3225 joyan,

699 3256 869 3300 vauo
897 3257 991 3300 un
1017 3239 1360 3302 chantaret
1390 3241 1633 3318 planen

860 3332 941 3394 de
974 3333 1108 3394 ditz
1137 3351 1366 3395 escurs

860 3427 990 3487 c'us
1020 3427 1132 3486 noi
1160 3427 1563 3505 remaiqnat.

154 3600 198 3660 1.
235 3617 262 3658 (ι
298 3601 500 3671 Nune,
541 3603 592 3660 si
632 3603 742 3660 hoo
784 3604 923 3661 aliis
962 3609 1196 3677 gratum
1238 3607 1508 3662 futurum
1549 3609 1722 3675 esset,
1764 3604 1894 3663 sine
1942 3607 2075 3662 fuco
2118 3609 2297 3663 tenue

101 3701 324 3758 carmen,
355 3691 490 3746 leve
519 3689 896 3760 simplexque
922 3690 1172 3746 condere
1201 3689 1581 3747 instituerem
1616 3709 1630 3760 3
1672 3692 1874 3746 nullus
1900 3691 2062 3746 enim
2088 3691 2297 3747 doetus

103 3777 172 3828 ast
194 3775 285 3844 qui
317 3775 381 3830 id
415 3773 578 3844 (scil.
612 3777 877 3841 carmen)
908 3763 1032 3831 tam
1074 3775 1252 3831 facile
1290 3779 1349 3831 et
1385 3775 1625 3847 planius
1664 3776 1910 3847 probare
1938 3780 2043 3832 aut
2080 3776 2297 3832 melius

104 3854 279 3915 limare
304 3863 502 3931 posset
526 3875 540 3927 ;
574 3859 624 3914 si
647 3859 781 3929 quis
804 3859 894 3915 ita
918 3877 1014 3916 me
1038 3860 1236 3930 reipsa
1255 3864 1498 3915 cantare
1517 3859 1803 3927 erederet,
1827 3877 2067 3916 carmen
2094 3877 2295 3917 meum

105 3941 257 4010 polire
291 3948 349 4001 et
387 3944 657 3999 excolere
700 3943 854 3998 mihi
893 3944 1054 4000 haud
1093 3944 1340 3999 difficile
1384 3948 1555 4001 esset.
1602 3943 1781 4000 Nune
1828 3961 1987 4013 ver0,
2038 3973 2105 3984 -—
2157 3948 2298 4000 sunt

105 4026 233 4082 enim
252 4028 669 4100 imperitiores,
694 4055 758 4066 --
782 4044 877 4084 me
902 4045 1116 4096 errare,
1145 4045 1280 4084 eum
1312 4028 1375 4084 id
1406 4046 1524 4084 non
1551 4033 1675 4084 tam
1704 4030 1951 4100 planum
1985 4029 2203 4086 faciam
2229 4033 2298 4086 ut

104 4112 179 4165 vel
203 4111 454 4170 infantes
483 4111 829 4183 intellegere
858 4114 1106 4183 possint,
1131 4113 1520 4171 arbitrantur.
1547 4129 1575 4168 ι)
1606 4114 1799 4182 (Eras
1823 4112 1940 4169 sim
1952 4114 2061 4186 sos
2086 4130 2127 4168 a
2154 4115 2298 4186 gyrat

105 4194 289 4270 tenqut,
318 4214 380 4254 v.
413 4196 570 4254 1-19.
601 4197 694 4253 M.
730 4198 802 4254 G.
837 4197 962 4267 215,
995 4214 1067 4253 ex
1098 4199 1225 4255 cod.
1261 4197 1355 4265 C.)

157 4305 200 4363 2.
237 4323 264 4363 α
298 4300 489 4367 Lente
535 4313 594 4366 et
637 4309 806 4399 quasi
853 4309 1244 4381 pedetentim,
1294 4309 1519 4378 ridens,
1562 4310 1788 4379 jooam,
1834 4311 2011 4366 tenue
2054 4321 2295 4366 carmen
