2894 4999
1070 446 1423 523 ...77-

110 659 450 740 poneret,
505 654 643 720 hoc
701 649 931 720 effecit
981 656 1060 719 ut
1112 653 1289 719 haec
1341 650 1672 736 expedita
1726 650 1945 717 simul
2000 655 2067 716 et
2114 654 2362 717 exacta

109 771 451 837 oratione
492 770 715 845 daret,
755 767 1250 835 translationis
1285 768 1480 834 velut
1523 767 1779 852 primis
1831 766 2039 832 lineis
2080 772 2363 833 tantum

107 886 522 971 designatis
549 882 589 951 Ῥ-

207 999 586 1080 Quantum
615 1004 855 1066 autem
880 999 1312 1095 Guillelmus
1341 999 1413 1065 in
1443 998 1917 1064 similitudine
1939 997 2364 1082 explicanda

109 1117 525 1183 delectetur
582 1134 668 1183 ex
723 1134 805 1182 eo
861 1116 1017 1182 loco
1069 1115 1375 1200 judicari
1434 1121 1664 1199 potest
1721 1132 1863 1198 quo
1916 1114 2217 1198 juvenes
2276 1113 2364 1179 ad

111 1232 405 1318 poesim
433 1231 812 1299 colendam
844 1232 1321 1299 cohortatur¹.
1361 1230 1507 1297 Hoc
1537 1231 1729 1297 enim
1767 1231 1943 1304 loco,
1979 1235 2362 1314 postquam

109 1354 358 1415 artem
387 1367 736 1415 versuum
776 1348 1322 1415 condendorum
1363 1366 1535 1414 cum
1575 1347 1767 1413 fonte
1808 1346 2120 1431 ineptius
2161 1364 2365 1412 com—

109 1465 433 1551 paravit,
468 1465 712 1531 omnia
744 1464 1001 1530 deinde
1034 1482 1216 1548 quae
1248 1464 1337 1529 ad
1366 1464 1638 1548 poesim
1671 1463 2031 1548 pertinent
2058 1481 2185 1548 per
2212 1482 2365 1529 ver-

108 1581 390 1647 borum
437 1578 948 1647 translationes
988 1597 1157 1645 cum
1199 1578 1321 1645 illa
1365 1584 1847 1664 congruentes
1887 1578 2250 1663 exprimit,
2296 1582 2364 1644 et

109 1696 339 1780 quasi
371 1694 833 1762 membratim
866 1694 1420 1761 similitudinem
1466 1695 1855 1780 explanare
1887 1699 2134 1761 tentat.

203 1811 409 1877 Nihil
452 1829 621 1877 vero
662 1830 881 1895 quam
923 1810 1227 1877 ridicula
1267 1815 1334 1900 et
1376 1810 1632 1876 vitiosa
1674 1811 1764 1877 sit
1814 1810 1949 1876 ista
1990 1810 2363 1895 scriptoris

108 1928 312 1995 ratio
337 1926 598 1993 melius
629 1926 1005 1993 ostendere
1039 1931 1270 2011 potest
1302 1943 1521 2011 quam
1550 1944 1630 1992 ea
1659 1945 1825 2010 pars
1857 1926 2093 2011 operis
2122 1926 2195 1992 in
2223 1933 2362 2011 qu‘a

109 2044 204 2109 ad
274 2042 622 2109 orationis
682 2042 852 2108 vitia
916 2048 983 2108 et
1041 2042 1312 2126 figuras
1371 2042 1772 2108 ordinanda
1831 2047 1898 2107 et
1957 2025 2363 2110 definienda

107 2158 498 2225 translatis
544 2157 781 2235 verbis
829 2155 1055 2223 utitur
1081 2174 1104 2243 3
1151 2156 1331 2223 forte
1377 2157 1462 2223 de
1504 2156 1659 2223 istis
1692 2175 1838 2223 non
1869 2158 2124 2224 durius
2168 2150 2363 2224 exis—

111 2272 578 2353 timabimus,
662 2272 722 2339 si
780 2272 957 2339 haec
1019 2276 1303 2338 tantum
1371 2272 1832 2339 mnemonica
1903 2272 2357 2340 habebimus.

113 2389 268 2456 Sed
320 2406 462 2454 non
508 2388 581 2453 in
622 2388 759 2454 hoc
799 2406 931 2454 nos
971 2388 1407 2454 commorari
1464 2388 1685 2465 decet,
1747 2406 1916 2455 nam
1980 2395 2363 2472 sequentes

111 2504 328 2573 tituli
398 2509 745 2591 quantam
817 2504 1229 2571 futilitatem
1279 2504 1397 2570 hic
1447 2505 1756 2588 scriptor
1813 2504 2142 2571 ostendat
2192 2505 2363 2572 satis

109 2621 499 2688 indicant:

202 2740 314 2803 De
351 2732 448 2801 las
484 2737 682 2802 XIIII
716 2731 912 2824 filhas
943 2753 1069 2832 quc
1100 2732 1565 2801 Barbarismes
1604 2731 1729 2801 hac
1759 2732 1838 2802 de
1870 2753 1946 2802 sa
1983 2732 2243 2802 mother
2272 2753 2365 2802 na

107 2847 607 2936 Metaplasmus
626 2853 669 2916 ².

202 2969 313 3034 De
350 2963 447 3032 las
484 2968 659 3033 XXII
693 2963 888 3055 filhas
928 2985 1054 3054 que
1095 2963 1524 3033 soloecismes
1564 2963 1689 3032 hac
1728 2964 1807 3033 de
1861 2985 1934 3032 sa
1978 2965 2233 3034 mother
2270 2985 2367 3034 na

111 3083 428 3154 Scema³.

209 3197 361 3266 Sed
387 3198 474 3265 de
504 3196 662 3266 istis
693 3198 1067 3266 hactenus.

206 3315 264 3380 E
319 3332 538 3398 supra
578 3313 786 3380 dictis
826 3313 1067 3400 colligi
1109 3318 1338 3398 potest
1380 3312 1972 3398 perspicuitatem
2012 3321 2079 3382 et
2123 3313 2365 3383 tenui-

110 3435 352 3499 tatem
393 3429 677 3496 dicendi
718 3430 790 3495 in
840 3426 1122 3513 Leqibus
1160 3427 1430 3495 Amoris
1480 3429 1902 3513 praesertim
1945 3431 2360 3498 desiderari.

191 3733 248 3788 1.
294 3730 373 3785 v.
408 3731 454 3798 1,
487 3747 546 3800 p.
580 3730 632 3786 4.

191 3844 249 3900 2.
296 3857 327 3896 <(
353 3844 444 3898 De
464 3843 940 3912 quattuordecim
963 3842 1200 3898 filiabus
1218 3859 1362 3913 quas
1383 3841 1803 3898 Barbarismus
1825 3857 1895 3896 ex
1919 3858 2100 3897 uxore
2121 3840 2367 3898 domina

106 3927 541 4002 Metaplasmo
591 3927 822 3983 habuit.
857 3943 886 3980 »
937 3929 1064 3994 (ΙΙΙ,
1114 3945 1171 3998 p.
1224 3927 1372 3994 140).
1421 3957 1486 3965 —
1535 3927 1735 3982 Verba
1781 3926 1983 3997 inepte
2030 3927 2369 3982 consociata

109 4012 353 4084 ineptis
383 4011 586 4067 verbis
617 4029 732 4067 non
763 4012 1021 4083 exprimi
1054 4030 1170 4068 non
1211 4016 1477 4083 possunt.

195 4125 250 4180 3.
296 4138 327 4177 <t
357 4123 448 4178 De
469 4122 691 4192 viginti
721 4122 950 4179 duabus
970 4123 1207 4179 filiabus
1229 4141 1374 4194 quas
1403 4122 1800 4180 soloecismus
1826 4139 1898 4179 ex
1924 4139 2104 4179 uxore
2124 4123 2370 4178 domina

111 4209 348 4280 Figura
377 4207 612 4263 habuit.
648 4223 678 4261 ³>
721 4208 848 4274 (111,
881 4224 938 4278 p.
973 4207 1120 4274 148).
