2894 4999
909 436 1426 511 ·--21-w

583 636 698 697 Bel
721 656 972 715 saupra
1001 639 1156 716 plus
1186 640 1400 699 cubet-t
1427 639 1557 716 far,

585 750 726 790 mas
754 748 887 791 ‘non
910 750 952 791 a
982 734 1182 792 chaus
1209 739 1389 811 pretz
1414 734 1639 804 entier,

584 843 760 902 quan
788 832 902 903 tuq
930 845 1062 885 non
1091 844 1206 885 son
1229 828 1593 904 parsonier.

588 917 711 989 Qui
742 937 890 995 ques
919 919 1153 990 n'azir,
1186 920 1280 977 mi
1309 938 1428 996 sap
1460 920 1531 978 bo

3 601 9 696 l

3 717 8 796 l

582 1018 782 1089 quant
813 1031 945 1090 auy
974 1013 1115 1071 dire
1134 1032 1255 1091 per
1282 1020 1537 1073 contens

581 1124 684 1165 mo
709 1112 884 1165 sonet
907 1113 1184 1184 rauquet
1213 1126 1244 1166 e
1269 1107 1430 1178 clar,

583 1219 616 1259 e
643 1200 818 1277 l'au9
842 1219 884 1258 a
917 1200 983 1259 la
1012 1202 1150 1277 font
1175 1202 1433 1279 portar¹
1450 1245 1462 1258 .

111 1385 204 1454 Ne
254 1388 424 1473 quis
480 1407 648 1456 vero
702 1394 900 1475 putet
957 1394 1264 1475 poetam,
1321 1389 1380 1456 si
1435 1390 1525 1455 ad
1584 1389 1781 1474 vulgi
1836 1388 2250 1473 opinionem

5 1487 297 1596 [poesim
325 1506 875 1572 accommodare
907 1504 1238 1583 voluerit,
1276 1510 1505 1571 artem
1534 1504 2023 1573 demissurum
2066 1522 2245 1582 esse,

37 1614 370 1687 Geraldus
403 1620 580 1688 haec
606 1621 797 1688 addit
834 1640 847 1689 :

721 1821 1008 1875 atrestan
1037 1835 1233 1893 gyrans
1265 1834 1403 1875 sens

3 1901 11 1976 l
618 1929 701 1980 σε,
732 1910 843 1987 qui
872 1929 992 1986 sap
1022 1929 1222 1977 razon
1246 1911 1493 1987 qardar

5 1977 22 2102 ι,
618 2020 766 2062 cum
790 2003 922 2062 dels
949 2010 1116 2063 motz
1142 2004 1593 2062 entrebescar'.

5 2191 10 2210 '¹
112 2186 246 2255 Nec
271 2194 545 2257 temere
571 2190 667 2257 ita
693 2191 1013 2276 loquitur
1041 2191 1426 2260 Geraldus:
1459 2196 1701 2259 censet
1733 2190 1928 2258 enim
1956 2190 2024 2258 id
2052 2190 2246 2257 haud

41 2304 220 2385 parvi
280 2305 554 2390 ingenii
612 2306 958 2373 indicium
1025 2307 1354 2375 futurum
1413 2325 1593 2387 esse,
1654 2306 1712 2373 si
1772 2306 1933 2392 quis
1992 2323 2247 2372 versus

39 2415 258 2487 faciles
286 2421 377 2488 ad
405 2420 971 2508 intellegendum
998 2423 1485 2509 composuerit
1515 2444 1532 2504 3
1578 2423 1769 2509 quod
1796 2421 2247 2509 apertissime

39 2538 344 2620 sequenti
374 2536 532 2606 loco
563 2539 967 2607 declaratur
1004 2558 1016 2606 :

689 2726 822 2785 Leu
847 2727 1212 2785 chanaonet'
1243 2746 1274 2786 e
1303 2727 1396 2785 vil

689 2820 886 2878 auria
912 2821 1015 2878 obs
1046 2838 1087 2877 a
1115 2821 1225 2896 far
1273 2889 1282 2900 .

687 2913 826 2990 q'eu
850 2932 1042 2990 poyes
1075 2914 1302 2972 enviar

687 3026 766 3066 ενι
792 3006 1096 3083 Alverqn'
1113 3001 1191 3065 'al
1217 3005 1413 3084 Dalfi.

689 3099 850 3159 Pero
881 3099 991 3159 s’el
1014 3101 1179 3159 dreit
1210 3101 1384 3159 cami

681 3212 873 3271 poqes
904 3193 985 3252 N'
1009 3193 1265 3268 Ebl[on]
1301 3194 1538 3265 trobar,

94 3452 152 3507 1..
179 3469 206 3508 (t
245 3456 368 3511 Vix
397 3473 636 3512 versum
678 3456 942 3528 incipere
971 3475 1232 3528 possum,
1265 3457 1367 3528 qui
1399 3457 1551 3512 levis
1590 3457 1670 3514 sit
1703 3473 1717 3527 ;
1760 3459 1887 3514 heri
1933 3462 2135 3514 tamen
2174 3459 2239 3513 in

39 3536 280 3594 animum
307 3539 521 3595 induxi
548 3558 786 3598 carmen
815 3542 1065 3596 condere
1091 3542 1243 3612 quod
1269 3541 1345 3596 ab
1369 3541 1647 3597 omnibus
1677 3542 1946 3612 intellegi
1978 3546 2037 3598 et
2063 3542 2242 3598 facile

41 3625 239 3680 cantari
270 3630 463 3696 posset
493 3643 506 3694 ;
551 3643 689 3681 nam
718 3627 780 3681 id
806 3627 960 3682 facio
990 3644 1225 3696 prorsus
1255 3627 1330 3682 ad
1362 3626 1635 3682 homines
1664 3627 2031 3682 recreandos,
2066 3642 2095 3681 »

95 3719 119 3757 «
155 3709 218 3764 Id
247 3711 487 3779 quidem
528 3711 834 3766 obscurius
875 3712 1124 3776 condere
1162 3728 1393 3782 possem
1429 3728 1442 3766 ε
1486 3711 1589 3766 sed
1620 3711 1870 3766 minoris
1901 3712 1967 3766 fit
1997 3729 2236 3767 carmen

41 3790 180 3859 cujus
209 3813 412 3851 omnes
452 3813 568 3850 non
600 3801 739 3853 sunt
779 3797 1100 3867 participes
1134 3815 1147 3865 ;
1191 3796 1332 3852 licet
1363 3796 1472 3851 alii
1506 3798 1614 3852 hoc
1644 3798 2109 3864 stomachentur,
2143 3815 2238 3853 me

39 3871 266 3934 delectat
303 3897 496 3935 meam
537 3880 986 3936 cantiunculam
1028 3880 1318 3936 subrauca
1356 3885 1414 3936 et
1454 3882 1615 3936 clara
1658 3898 1801 3936 voce
1843 3881 1916 3936 ab
1958 3881 2237 3936 omnibus

43 3962 150 4016 cani
176 3969 230 4018 et
259 3965 332 4020 ab
360 3965 622 4035 aquariis
652 3966 726 4020 ad
759 3968 953 4021 lacum
987 3967 1264 4021 euntibus
1297 3965 1465 4036 quasi
1492 3966 1729 4021 deferri.
1756 3981 1784 4020 ›)
1820 3965 1901 4034 (A
1924 3984 2115 4040 penas
2140 3965 2239 4022 sai

43 4059 341 4113 comensar,
375 4066 432 4104 v.
467 4049 623 4115 1-14,
656 4048 747 4104 Μ.
791 4049 881 4104 W.
916 4050 985 4116 1.‚
1020 4066 1076 4119 p.
1107 4049 1255 4114 195.)

95 4154 140 4209 2.
180 4171 206 4209 «
245 4159 389 4214 Tam
430 4159 689 4229 prudens
719 4163 806 4214 est
837 4159 938 4229 qui
979 4158 1270 4214 rationem
1309 4163 1507 4214 servat
1538 4175 1716 4229 quam
1750 4159 1850 4229 qui
1881 4159 2063 4218 verba
2098 4164 2236 4239 apte

42 4243 323 4306 connectit,
359 4259 386 4298 »
431 4244 512 4312 (A
535 4261 729 4324 penas
758 4242 856 4298 sai
881 4261 1212 4311 comen-sar,
1247 4261 1305 4300 v.
1339 4243 1531 4312 19-21,
1562 4242 1737 4312 ibid.)
