2894 4999
1530 482 1885 552 ..54-

589 701 728 770 que
758 682 859 750 ilh
900 701 1075 750 eran
1114 681 1165 748 li
1206 682 1371 768 plus
1412 682 1461 748 fi
1488 700 1753 767 ayman
1784 680 1850 748 el
1883 680 2048 765 plus
2089 679 2279 746 11313
2320 697 2526 765 mays
2562 677 2717 745 celat
2745 696 2773 745 e

587 803 817 867 secret
856 816 997 884 que
1027 798 1208 865 lunh
1243 802 1480 883 temps
1511 796 1759 864 tosson
1788 796 2029 863 estat¹.
2080 815 2111 860 »

675 914 967 993 Deinde,
1014 918 1092 981 ut
1133 914 1335 993 solet,
1382 913 1656 980 diutius
1697 912 1772 979 in
1811 912 1947 978 hac
1978 929 2053 978 re
2093 910 2630 988 commorandO,
2661 909 2775 976 vim

588 1030 1174 1116 reprehensionis
1201 1028 1557 1096 minorem
1594 1028 1761 1095 facit
1792 1045 1807 1093 τ

680 1152 712 1209 (ἑ
766 1144 845 1212 Et
903 1145 1191 1231 enayssi
1254 1148 1415 1231 trop
1479 1144 1831 1212 lauzavan
1892 1143 2039 1210 lors
2103 1139 2575 1229 meteyssheS‚
2637 1159 2781 1226 quar

586 1261 927 1329 ahastava
954 1280 1094 1347 que
1119 1279 1477 1347 aguesson
1501 1261 1621 1346 dig
1651 1278 1791 1346 que
1818 1260 1919 1326 ilh
1960 1277 2133 1326 eran
2165 1259 2319 1326 dels
2345 1259 2433 1326 fis
2460 1277 2737 1344 aymans
2756 1276 2784 1325 e

590 1378 744 1445 dels
786 1378 947 1445 11315
987 1378 1256 1445 entrels
1284 1381 1528 1446 autres
1557 1377 1646 1443 fis
1680 1395 1985 1462 aymans
2012 1375 2125 1442 del
2160 1376 2392 1442 mon².
2436 1395 2467 1440 »

677 1493 1022 1572 Proiecto,
1085 1512 1255 1561 cum
1314 1492 1747 1560 Guillelmus
1810 1491 2205 1576 lyricorum
2271 1491 2784 1558 ostentationem

586 1610 1113 1695 reprehendere
1140 1608 1215 1676 in
1244 1609 1489 1677 animo
1517 1609 1833 1684 haberet,
1862 1607 2129 1674 rectius
2155 1607 2331 1674 itam
2358 1607 2787 1692 vaniloquen-

587 1725 761 1792 tiam
786 1725 1288 1810 vituperasset,
1323 1744 1464 1810 qua
1493 1725 1620 1804 illi,
1651 1723 2249 1811 quotiescumque
2270 1722 2357 1790 de
2379 1723 2786 1790 carminibus

585 1840 739 1908 suis
793 1842 1218 1926 loquuntur,
1280 1840 1384 1907 uti
1443 1840 1702 1907 solent.
1761 1838 2013 1905 Nonne
2066 1838 2262 1904 enim
2317 1838 2513 1906 istud
2569 1838 2785 1905 vitium

588 1956 1046 2024 manifestius
1073 1961 1180 2024 est
1212 1957 1434 2024 simul
1467 1961 1535 2023 et
1565 1955 1921 2023 odiosius³
1953 1953 1991 2021 ἵ)

677 2073 1195 2140 Verumtamen
1249 2073 1368 2139 hic
1417 2071 1692 2156 aliquid
1749 2088 1967 2156 grave
2016 2070 2300 2155 attingit
2339 2068 2783 2138 Molinarius:

588 2207 1004 2274 quanquam
1050 2188 1244 2255 enim
1286 2187 1556 2255 leviore
1587 2187 1673 2254 de
1713 2205 1955 2266 causa,
1993 2187 2052 2253 si
2093 2186 2251 2271 eius
2291 2186 2511 2252 verba
2542 2191 2787 2252 tantum

585 2303 952 2389 respiciaS,
987 2309 1265 2371 veteres
1292 2303 1559 2388 lyricos
1586 2299 1881 2388 carpere
1910 2302 2215 2381 videtur,
2250 2320 2326 2368 re
2352 2301 2548 2368 haud
2574 2301 2789 2367 imme—

585 2420 722 2486 rito
755 2420 890 2487 hoc
917 2420 1020 2486 eis
1052 2420 1226 2487 vitio
1253 2420 1395 2498 dat,
1434 2418 1795 2505 siquidem
1822 2418 1921 2497 hi,
1955 2417 2130 2485 dum
2164 2417 2331 2484 talia
2364 2416 2784 2503 profitentur,

585 2553 846 2622 parum
889 2536 1074 2603 inter
1105 2554 1182 2603 se
1213 2535 1595 2603 dissimilia
1635 2535 1960 2602 carmina
1999 2535 2307 2603 condere
2334 2534 2591 2601 solent.

673 2650 947 2719 Etenim
1001 2652 1160 2719 ideo
1210 2669 1422 2736 saepe
1473 2650 1791 2717 taedium
1832 2650 2143 2717 atterunt
2191 2649 2565 2716 Australes
2617 2646 2789 2733 lyrici

580 2768 772 2853 quod
814 2767 1022 2835 istius
1056 2767 1251 2834 modi
1292 2766 1690 2833 sententias
1732 2765 1989 2832 iisdem
2022 2766 2167 2833 iere
2209 2765 2449 2834 verbis
2489 2764 2641 2832 sine
2671 2762 2789 2830 ulla

584 2882 1124 2950 intermissione
1164 2882 1570 2949 enuntiant.

677 2996 814 3065 Sed
855 2998 1048 3083 quod
1078 2997 1511 3064 Guillelmus
1539 2997 1746 3064 bonis
1780 2996 2105 3063 moribus
2138 3013 2543 3081 repugnare
2573 2993 2790 3063 existi—

579 3118 754 3193 mat,
788 3113 858 3180 id
886 3113 1095 3179 nobis
1122 3112 1547 3197 praesertim
1581 3132 1621 3178 a
1662 3112 1858 3197 poesi
1886 3111 2273 3178 abhorrere
2302 3111 2609 3178 videtur.
2640 3109 2787 3176 Nam

581 3228 884 3295 minime
935 3228 1287 3296 modestia
1341 3228 1415 3293 in
1467 3246 1552 3295 eo
1606 3227 2058 3294 desideratur
2113 3226 2238 3311 qui
2292 3245 2367 3293 se
2420 3226 2697 3294 fidelem
2731 3224 2788 3289 in

579 3344 889 3410 amando
920 3360 1206 3428 semper
1232 3343 1613 3429 profitetur
1645 3363 1661 3423 ;
1707 3341 2061 3426 judicium
2092 3360 2261 3410 vero
2288 3342 2487 3410 deest
2516 3341 2786 3410 omnino

579 3457 642 3525 ei
678 3456 804 3542 qui
844 3457 1096 3524 eadem
1137 3457 1425 3542 saepius
1467 3457 1766 3524 dictitat.
1804 3456 2077 3523 Minore
2117 3456 2336 3541 igitur
2366 3456 2633 3542 ingenii
2666 3463 2790 3523 tar-

648 3651 700 3706 1.
745 3665 774 3703 «
807 3650 1111 3707 Gloriosus
1138 3655 1226 3707 est
1252 3651 1355 3721 qui
1377 3668 1437 3706 se
1464 3651 1592 3722 ipse
1613 3650 1821 3706 laudat
1840 3651 2164 3720 jactatque.
2190 3650 2258 3705 In
2285 3652 2395 3705 hoe
2416 3655 2614 3707 autem
2637 3647 2787 3705 multi

577 3734 757 3806 lyrici
804 3740 1223 3805 peceaverunt,
1271 3736 1424 3805 quod
1470 3736 1534 3790 in
1580 3734 1949 3790 carminibus
1989 3734 2269 3790 dicebant
2314 3750 2375 3789 se
2418 3733 2787 3795 fidelissimo&

577 3819 1113 3886 constantissimos»,
1143 3818 1486 3884 fidissimos,
1520 3819 1999 3889 tectissimosque
2025 3836 2149 3874 esse
2177 3818 2450 3875 omnium
2483 3818 2784 3875 amantium

576 3903 678 3973 qui
709 3919 972 3974 unquam
1005 3902 1280 3959 fuissent.
1312 3918 1341 3957 »
1382 3904 1510 3970 (111,
1544 3920 1599 3973 p.
1635 3903 1785 3969 126).

645 4014 697 4070 2.
743 4029 772 4067 «
814 4015 932 4070 Isto
975 4018 1147 4084 pacto
1187 4031 1248 4069 se
1286 4014 1401 4085 ipsi
1444 4012 1629 4069 nimis
1669 4013 1996 4069 laudabant
2029 4031 2042 4069 :
2088 4030 2225 4068 nam
2274 4012 2421 4069 satis
2451 4015 2638 4069 fuerat
2675 4010 2787 4067 illos

573 4099 798 4238 dlilxlisse
825 4099 1085 4239 {geinter
1115 4103 1337 4155 ceteros
1370 4100 1575 4154 fideles
1610 4104 1879 4154 amantes
1910 4097 2114 4153 fideles
2150 4102 2208 4155 et
2238 4103 2576 4154 constantes
2604 4114 2734 4152 esse.
2763 4109 2785 4147 1)

574 4186 593 4249 (
691 4227 704 4250 ‚
739 4199 796 4253 p·
934 4185 974 4249 >-

645 4293 697 4349 3.
741 4290 834 4351 Cf.
867 4306 1064 4367 supra,
1102 4310 1160 4369 p.
1192 4292 1282 4360 10,
1311 4309 1370 4347 n.
1404 4293 1459 4351 1.

2858 4870 2872 4996 h—..-..
2868 4762 2872 4861 ——
