2894 4999
1008 1285 1282 1353 CAPUT
1345 1286 1370 1352 I

175 1716 344 1775 Quin
393 1716 576 1765 APUD
623 1715 911 1764 LYmcos
963 1715 1218 1763 POETAS
1268 1714 1356 1761 An
1405 1714 1731 1762 errERAs
1780 1712 2201 1761 JUDtCANDAS

386 1832 767 1880 ΡΕΒΤῙΝΕΑΤ
817 1832 829 1879 ;
885 1833 972 1879 DE
1021 1831 1105 1880 Eo
1157 1830 1439 1879 POETlCO
1487 1830 1761 1879 GENERE
1810 1828 1993 1888 ouon

715 1950 746 1993 «
797 1927 1052 1995 Trobar
1101 1926 1254 1997 Clus
1299 1950 1329 1993 »
1384 1946 1661 1995 mertun

157 2240 419 2308 Omnia
450 2242 595 2309 fere
637 2261 819 2327 quae
849 2242 1333 2309 provinciales
1374 2243 1461 2309 de
1501 2242 1757 2309 litteris
1798 2242 1950 2307 suis
1990 2241 2306 2325 relique-

67 2363 250 2425 runt
297 2358 386 2424 ad
445 2358 710 2443 lyricos
760 2359 1143 2443 pertinent,
1205 2359 1355 2425 sive
1411 2345 1785 2443 poetarum
1847 2356 2304 2442 singulorum

15 2473 362 2560 ·ingenia
421 2475 799 2543 aestimare
859 2475 1009 2543 sive
1067 2475 1152 2542 de
1211 2481 1360 2542 arte
1414 2476 1567 2560 ipsa
1624 2474 1897 2560 poetica
1954 2473 2306 2540 disserere

67 2596 377 2658 tentant.
437 2592 640 2670 Nam,
697 2598 776 2658 ut
829 2612 1050 2677 supra
1099 2593 1441 2670 diximuS,
1488 2611 1657 2658 cum
1714 2591 2019 2675 lyricum
2077 2608 2305 2675 genus

68 2707 395 2774 maxima
435 2725 602 2774 cum
655 2708 866 2774 laude
916 2708 1293 2786 coluerint,
1340 2708 1596 2774 ceteris
1646 2724 1816 2773 vero
1866 2706 2301 2790 scriptorum

68 2823 464 2909 generibus
497 2824 927 2910 plerumque
959 2824 1315 2891 inhabiles
1346 2843 1420 2890 se
1456 2823 1939 2909 praebuerint,
1977 2821 2131 2888 fieri
2160 2840 2300 2888 non

68 2939 307 3023 potuit
349 2945 428 3005 ut
467 2941 553 3006 de
593 2939 707 3006 his
741 2945 929 3006 recte
960 2940 1327 3025 disputare
1369 2940 1852 3006 instituerent.
1900 2937 2176 3005 Etenim
2219 2939 2304 3005 de

68 3054 396 3140 qualibet
428 3062 578 3122 arte
605 3061 762 3122 tum
789 3056 1082 3122 demum
1113 3056 1464 3140 disputari
1494 3061 1747 3140 potest,
1780 3074 1948 3122 cum
1976 3074 2093 3120 ars
2122 3054 2298 3138 ipsa.

69 3170 327 3238 multis
359 3172 698 3256 operibus
725 3172 957 3250 editis,
991 3191 1198 3238 suam
1235 3178 1567 3238 naturam
1612 3172 1819 3257 quasi
1859 3171 2210 3256 patefecit.

163 3286 255 3353 At
303 3305 470 3353 cum
519 3287 724 3372 lyrici
768 3292 1014 3372 poetae
1055 3306 1265 3372 saepe
1306 3287 1378 3354 in
1430 3287 1608 3372 ipsis
1652 3287 2120 3363 carminibus,
2172 3286 2303 3352 etsi

75 3402 277 3469 aliud
319 3403 646 3488 agebant,
693 3421 774 3470 eo
818 3409 1058 3470 tamen
1089 3403 1374 3470 adducti
1418 3404 1559 3469 sint
1602 3409 1680 3470 ut
1720 3404 1805 3470 de
1846 3403 2041 3490 poesi
2074 3403 2305 3469 disse—

70 3524 338 3597 rerent,
404 3520 490 3586 de
558 3520 942 3604 praecipua
1000 3520 1559 3586 Provincialium
1632 3519 2035 3587 litterarum
2105 3524 2305 3604 parte

71 3637 342 3703 rectius
400 3636 815 3703 existimare
874 3655 1289 3722 possumus.
1359 3636 1682 3703 Primum
1752 3637 1992 3722 igitur,
2059 3636 2303 3721 lyricis

71 3752 251 3838 ipsis
291 3751 735 3836 juvantibuS,
771 3753 942 3837 quid
975 3753 1047 3818 bi
1089 3753 1175 3819 de
1217 3772 1344 3821 sua
1372 3759 1523 3819 arte
1565 3753 1920 3819 senserint
1948 3771 2304 3836 quaeren-

72 3869 249 3935 dum
278 3874 407 3948 est,
442 3887 584 3953 quo
609 3869 950 3936 certiores
977 3869 1240 3935 fiamus
1262 3876 1619 3954 quatenus
1644 3876 1890 3954 poetae
1915 3870 2295 3953 viguerint,

74 4003 308 4069 quave
339 3984 615 4051 ratione
657 3985 931 4069 poesim
965 3985 1099 4052 sibi
1132 3986 1203 4050 in
1248 3986 1492 4051 animo
1532 3985 1897 4051 finxerint.

164 4100 568 4168 Permultos
624 4102 818 4167 locos
868 4101 1294 4178 omittimuS,
1352 4102 1616 4186 quibus
1666 4101 1870 4186 lyrici
1915 4102 2023 4168 vel
2078 4107 2302 4168 semet

73 4217 270 4308 ipsos
295 4216 633 4289 maximis
658 4217 992 4288 laudibus
1015 4218 1340 4285 certatim
1365 4218 1695 4296 efferunt,
1722 4217 1832 4287 vel
1855 4217 2299 4297 carminibus
