2894 4999
1366 532 1372 538 .
1443 471 1795 542 —-86-

1424 817 1693 890 CAPUT
1760 833 1813 888 n

501 954 802 1019 Quouono
831 973 905 1013 nn
935 972 1204 1013 nrt-mnis
1234 974 1295 1013 m
1340 972 1370 1010 «
1407 955 1667 1030 Leqibus
1698 954 1944 1012 Amoris
1977 972 2008 1009 >2
2052 972 2454 1013 rensuum-un
2502 1000 2515 1014 .

497 1053 551 1109 1.
612 1052 923 1117 Quatenus
979 1059 1251 1111 veterum
1311 1054 1639 1127 lyricorum
1703 1056 1899 1113 famae
1964 1053 2257 1110 inservire
2320 1053 2526 1126 cupiat

607 1137 973 1195 Guillelmus
999 1181 2515 1197 ......................

497 1236 550 1292 2.
596 1236 903 1301 Quomodo
933 1242 1167 1309 poetam
1207 1237 1553 1295 informarit-
1584 1237 1951 1295 Guillelmus
2000 1280 2513 1294 ........

497 1335 591 1402 a).
635 1335 1032 1392 Guillelmum
1079 1336 1144 1392 in
1189 1341 1362 1408 poeta
1403 1335 1787 1392 informando
1834 1351 1951 1392 non
2000 1337 2192 1392 solum
2241 1335 2315 1392 de
2361 1335 2523 1407 poesi

604 1420 707 1476 sed
737 1420 920 1477 etiam
951 1421 1027 1476 de
1055 1421 1226 1478 bonis
1259 1420 1522 1477 moribus
1552 1425 1610 1477 et
1644 1419 1933 1492 religione
1960 1436 2169 1476 curare
2214 1463 2513 1477 .....

497 1518 530 1573 b
531 1518 584 1585 ).
629 1517 796 1582 Quae
825 1517 904 1574 sit
933 1518 1126 1589 poesis
1157 1522 1374 1576 natura
1400 1517 1730 1574 secundum
1764 1512 2164 1575 Guillelmum
2215 1561 2513 1575 .....

497 1615 582 1684 c).
627 1615 990 1756 Quiadmente
1021 1616 1386 1676 Guillelmus
1413 1616 1491 1672 de
1518 1616 1787 1674 oratione
1818 1621 1880 1674 et
1908 1612 2179 1673 versibus
2209 1620 2525 1688 praecepta

605 1704 698 1756 tra
741 1700 762 1756 i
809 1701 924 1757 erit
931 1743 2513 1760 .......................

497 1799 549 1854 3.
602 1798 736 1863 Qua
790 1800 1128 1871 exponendi
1181 1799 1414 1856 ratione
1462 1799 1828 1856 Guillelmus
1879 1798 2010 1871 ipse
2057 1799 2123 1855 in
2184 1815 2214 1851 a
2266 1797 2523 1872 Leqibus

603 1881 849 1939 Amoris
883 1899 913 1937 »
955 1899 1098 1940 unus
1126 1881 1206 1940 sit
1213 1926 2510 1942 ....................

495 2006 960 2067 CONCLUSIO
991 2046 2507 2068 ......................

1667 2521 1815 2579 Vidi
1840 2540 1910 2579 ae
1940 2521 2163 2595 perlegi

1346 2605 1623 2663 Lutetiae
1650 2606 2042 2675 Parisiorum,
2074 2605 2139 2662 in
2169 2605 2454 2673 Sorbona‚

1415 2708 1470 2746 a.
1498 2691 1558 2746 d.
1592 2691 1733 2747 Kal.
1767 2692 1909 2747 Feb.
1939 2708 2067 2748 xvn
2103 2706 2378 2748 uncoccu

2670 956 2747 1013 50

2669 1139 2744 1195 52

2670 1237 2743 1294 56

2668 1419 2741 1476 56

2668 1517 2740 1574 63

2668 1701 2740 1757 ’72

2666 1885 2739 1940 ’75

2666 2004 2735 2067 81

1132 2775 1466 2832 Facultatis
1492 2774 1832 2831 litterarum
1864 2776 1928 2831 in
1960 2774 2373 2833 Universitate
2403 2773 2734 2831 parisiensi

1770 2860 2046 2916 Decanus

1665 2949 1740 3013 AL
1792 2954 2162 3015 CROISET.

737 3123 926 3207 Typis
957 3124 1277 3181 mandetur

489 3220 860 3281 Academiae
887 3220 1262 3279 parisiensis
1291 3222 1538 3287 Hector,

849 3306 1200 3380 GREARD.

1350 4253 1583 4263 s*—

941 4316 954 4329 ¹
1011 4318 1048 4374 ·,
1078 4305 1240 4373 ΕυΧΙὸ
1283 4315 1346 4329 ἡ
1371 4306 1736 4350 ἘΧΟΗΟΕΒΔΤ
1772 4307 1824 4349 1..
1865 4305 2125 4349 GADRAT.
