2894 4999
1587 402 1944 498 ...55-

727 609 1063 678 Attamen
1095 607 1383 677 veniam
1415 608 1809 694 quamdam
1840 606 2226 675 Guillelmo
2259 605 2411 672 dari
2446 606 2667 683 decet,
2700 603 2851 690 quia

639 729 916 793 veteres
946 725 1175 810 lyrici,
1214 742 1529 810 quorum
1570 724 1846 809 poesim
1879 722 2169 808 respicit
2209 723 2386 788 dum
2416 721 2513 788 ita
2544 720 2848 805 loquitur

644 841 845 930 (nam
869 840 1136 907 rectius
1165 841 1363 908 hunc
1389 840 1685 906 illorum
1712 845 1901 906 artes
1924 838 2390 922 consignasse
2415 856 2634 922 quam
2658 853 2855 902 novas

641 961 831 1024 artes
891 956 966 1023 in
1029 957 1353 1022 medium
1420 955 1751 1023 attulisse
1808 949 2131 1039 dixeris),
2206 952 2361 1019 istis
2418 971 2450 1015 «
2494 951 2856 1037 implicatis

641 1073 855 1159 nugis
891 1093 924 1137 »
968 1090 1180 1158 saepe
1213 1072 1679 1140 indulserunt
1716 1089 1729 1136 t
1776 1089 1946 1155 ergo
1976 1089 2058 1137 ea
2090 1068 2575 1154 componendi
2606 1066 2855 1134 ratione

643 1207 859 1272 quam
893 1189 1408 1255 commendare
1434 1193 1740 1254 conatur
1765 1186 2199 1253 Guillelmus
2230 1190 2298 1252 et
2329 1184 2468 1271 ipsi
2499 1183 2605 1250 uti
2639 1187 2859 1269 potue-

641 1310 836 1370 runt.
875 1303 1012 1371 Sed
1035 1321 1204 1383 non,
1239 1303 1407 1389 quia
1439 1304 1577 1370 hoc
1602 1302 2044 1380 conceditur,
2078 1301 2346 1368 idcirco
2371 1299 2856 1368 contendimus

642 1436 895 1486 omnes
938 1419 1312 1487 Australes
1357 1397 1624 1504 lyricos
1675 1418 1797 1484 illa
1848 1417 2123 1484 ratione
2171 1421 2549 1484 contentos
2592 1414 2804 1481 fuisse
2840 1432 2852 1478 :

643 1534 786 1601 nisi
809 1553 982 1602 vero
1007 1535 1169 1620 quis
1193 1522 1866 1619 praestantissimos
1882 1551 1968 1599 ex
1993 1532 2136 1599 illis
2160 1532 2333 1616 quid
2355 1531 2619 1598 dicturi
2645 1535 2859 1597 essent

641 1649 920 1717 nescire
948 1650 1198 1717 solitos
1227 1667 1406 1728 esse,
1440 1653 1830 1734 antequam
1858 1648 2076 1714 verba
2109 1647 2584 1714 consonantia
2610 1645 2860 1712 inveni-

641 1770 824 1844 rent,
860 1765 1249 1832 existimat.
2471 1839 2480 1846 ,
2815 1740 2819 1747 ’

729 1879 968 1948 Unum
1008 1885 1251 1948 autem
1291 1899 1376 1947 ex
1419 1879 1846 1946 clarissimis
1886 1877 2157 1964 lyricis,
2204 1877 2659 1945 Bernardum
2692 1876 2859 1943 Ven-

637 1997 1172 2076 tadornensem,
1222 1996 1438 2061 aliam
1485 1995 1675 2062 viam
1723 1995 1798 2060 in
1839 1994 2221 2061 scribendo
2272 1999 2609 2061 secut-um
2658 1992 2859 2059 fuisse

635 2117 941 2180 constat.
986 2111 1111 2178 Ille
1140 2111 1336 2179 enim
1367 2110 1442 2177 in
1474 2111 1707 2196 prima
1737 2111 2123 2196 cujusdam
2153 2109 2498 2177 carminis
2538 2115 2740 2196 parte
2778 2109 2852 2174 de

641 2246 717 2295 se
743 2227 897 2314 ipse
923 2227 1105 2294 dixit
1136 2245 1150 2292 ε

1164 2380 1487 2440 Chantars
1516 2399 1599 2438 no
1630 2385 1743 2458 pot
1774 2380 2005 2456 quaire
2033 2379 2235 2451 valer,

1159 2475 1216 2533 si
1245 2475 1413 2534 d'ins
1445 2473 1549 2533 del
1574 2493 1681 2533 cor
1704 2493 1788 2533 no
1817 2491 1973 2535 ‘mou
2004 2472 2062 2532 lo
2094 2475 2318 2545 chame,

1159 2569 1234 2627 ni
1263 2571 1465 2627 chaus
1496 2587 1579 2627 no
1604 2574 1717 2645 pot
1746 2567 1849 2626 del
1880 2586 1988 2626 cor
2015 2585 2253 2640 mover,

1159 2662 1217 2719 si
1245 2680 1328 2720 no
1354 2662 1379 2719 i
1407 2680 1470 2720 es
1503 2661 1614 2739 fin’
1646 2679 1860 2719 amors
1892 2678 2121 2720 coraus
2151 2680 2173 2733 ;

1153 2770 1274 2832 per
1301 2774 1368 2813 so
1399 2774 1460 2814 es
1492 2773 1628 2814 mos
1659 2756 1965 2813 chantars
1998 2755 2257 2825 cabauS,

1165 2848 1353 2925 qu'en
1370 2848 1488 2926 joy
1519 2848 1771 2907 d’amor
1800 2848 1870 2907 ai
1898 2853 1956 2907 et
1986 2853 2174 2906 emen

1163 2941 1228 3000 la
1259 2942 1410 3000 boca
1440 2941 1528 3002 els
1562 2941 1743 3000 huels
1774 2940 1833 2999 el
1862 2960 1970 3000 cor
1998 2940 2057 2999 el
2087 2941 2257 3001 sen'.

732 3111 917 3195 Quin
958 3116 1048 3182 ob
1090 3116 1160 3181 id
1205 3115 1449 3200 ipsum
1492 3116 1900 3182 Bernardus
1942 3114 2357 3200 praeclarus
2408 3119 2620 3202 poeta
2669 3115 2865 3183 etiam

639 3249 841 3298 nunc
872 3231 1201 3297 habetur.
1239 3230 1491 3298 Nonne
1531 3236 1774 3297 autem
1815 3231 2211 3298 verisimile
2240 3236 2350 3298 est
2385 3231 2564 3298 alios
2608 3236 2865 3298 veteres

639 3352 887 3431 poetas
919 3345 1280 3414 exstitisse
1321 3346 1514 3431 apud
1546 3345 2032 3412 Provinciales
2062 3345 2185 3430 qui
2225 3345 2416 3413 idem
2447 3364 2530 3413 ac
2562 3347 2687 3414 ille
2716 3363 2880 3413 sen-⁴

637 3461 854 3529 tirent
885 3460 922 3528 ⁶?

729 3577 829 3644 Ne
882 3578 1117 3662 plura,
1176 3576 1633 3657 Guillelmus,
1694 3596 2114 3664 quanquam
2172 3578 2258 3644 de
2315 3578 2760 3662 quaestione,
2814 3573 2866 3642 si

638 3695 888 3777 Leyum
931 3691 1198 3760 Amoris
1228 3692 1634 3761 doctrinam
1670 3693 2038 3778 respicias,
2085 3692 2516 3779 gravissima
2556 3693 2865 3761 hocloco

706 3886 761 3942 1.
805 3902 836 3940 «
875 3888 1128 3943 Nullum
1159 3904 1399 3943 carmen
1424 3887 1627 3957 magni
1650 3886 1828 3957 pretii
1857 3904 1981 3942 esse
2011 3892 2223 3957 potest,
2250 3886 2369 3943 nisi
2394 3887 2519 3943 imo
2544 3888 2621 3943 de
2651 3891 2866 3959 pectore

637 3976 845 4027 manat
878 3988 892 4039 ;
934 3973 1169 4027 nullum
1204 3974 1404 4027 autem
1438 3972 1511 4027 de
1555 3976 1789 4041 pectore
1834 3988 2078 4027 manare
2121 3976 2334 4043 potest,
2368 3971 2488 4027 nisi
2520 3971 2677 4027 fidus
2718 3984 2867 4027 amor

635 4055 860 4126 pectori
899 4054 1104 4125 inest;
1149 4074 1347 4112 meum
1395 4073 1636 4111 carmen
1680 4057 1813 4111 ideo
1853 4057 2185 4126 perfectum
2231 4060 2340 4124 est,
2372 4057 2529 4126 quod
2572 4063 2661 4124 os,
2702 4053 2865 4119 oculi,

636 4157 752 4208 cor,
794 4157 964 4195 mens
1007 4140 1226 4196 amoris
1265 4140 1481 4211 gaudio
1520 4142 1801 4197 fruuntur
1846 4140 2028 4211 idque
2075 4141 2265 4195 solum
2308 4140 2479 4210 quasi
2520 4142 2807 4212 spectant.
2840 4151 2865 4190 i)

640 4224 980 4293 (Clzantars
1011 4243 1087 4282 no
1103 4228 1214 4300 pot
1241 4220 1458 4299 quaire
1490 4226 1675 4291 valer,
1705 4242 1765 4281 v.
1798 4225 1826 4281 1
1862 4230 1920 4281 et
1950 4241 2078 4295 sqq.
2110 4224 2204 4280 M.
2226 4224 2313 4280 W.
2351 4226 2395 4292 1,
2426 4224 2540 4292 33).
