2894 4999
1474 450 1562 459 -.
1610 410 1827 480 70.-

530 611 639 679 far
671 629 684 677 :
730 630 912 695 quar
943 628 1126 678 unas
1157 609 1609 695 meteysshas
1638 606 1974 693 paraulas
2002 608 2124 691 pot
2150 606 2322 672 hom
2350 609 2584 671 motas
2617 607 2780 671 vetz

533 726 834 794 acordar
863 744 956 792 en
985 725 1309 793 diversas
1342 724 1627 790 rimas&
1669 744 1700 787 »
2079 745 2083 748 ·

621 840 801 909 Cum
855 840 1374 926 expeditiorem
1429 816 1785 905 rationem
1838 836 2251 922 praedicare
2298 834 2781 902 Guillelmum

533 957 1002 1024 manifestum
1052 955 1166 1035 sit,
1212 956 1402 1022 hanc
1452 934 1979 1039 reprehendere
2029 970 2289 1036 parum
2340 950 2515 1017 utile
2564 950 2782 1016 duci-

533 1090 698 1139 mus
727 1089 740 1137 :
778 1089 1156 1155 nunquam
1184 1088 1355 1137 vero
1381 1070 1477 1136 ita
1503 1069 1591 1135 de
1618 1069 1753 1135 hac
1781 1086 1855 1134 re
1886 1066 2348 1134 disseruisset
2372 1065 2782 1133 Tolosanus

531 1185 907 1253 technicus
963 1186 1103 1253 nisi
1156 1185 1434 1271 poesim
1498 1185 1575 1251 in
1631 1190 1781 1251 arte
1838 1201 2183 1251 versuum
2251 1182 2781 1249 struendorum

535 1305 760 1369 totam
801 1307 1121 1386 poneret.
2309 1290 2317 1297 ’
2886 1286 2891 1293 ’

623 1417 710 1485 Ut
738 1417 988 1503 paucis
1008 1417 1605 1501 complectamur,
1632 1415 1875 1483 omnia
1900 1433 2083 1499 quae
2104 1415 2179 1481 in
2200 1411 2480 1499 Lcyibus
2506 1410 2785 1481 Amo-ris

534 1534 620 1601 de
648 1533 884 1619 poesis
917 1537 1173 1599 natura
1207 1526 1550 1599 dicuntur
1581 1530 1884 1597 minoris
1916 1536 2087 1597 sunt
2117 1528 2487 1597 momenti.
2526 1528 2716 1595 Nam
2745 1548 2785 1595 a

536 1649 744 1733 quasi
790 1666 1048 1715 manca
1087 1646 1547 1715 versificandi
1594 1647 1870 1713 ratione
1903 1642 2269 1725 oriuntur,
2306 1663 2476 1711 cum
2518 1662 2785 1723 omnes

534 1767 692 1831 tum
724 1764 798 1830 in
833 1764 1028 1848 poesi
1061 1763 1400 1829 callidam
1428 1764 1817 1829 verborum
1855 1779 2343 1845 versuumque
2370 1760 2787 1845 dispositio-

539 1898 708 1946 nem
751 1884 1034 1946 tantum
1085 1879 1575 1946 aestimarent.
1634 1876 1765 1957 Qui
1806 1876 2081 1961 poesim
2123 1877 2197 1942 in
2237 1876 2432 1942 hunc
2472 1876 2785 1943 modum

539 1994 673 2061 sibi
707 1994 1016 2079 fingunt,
1054 1994 1256 2060 illam
1287 1994 1359 2060 in
1405 1992 1688 2059 artificii
1728 1993 2110 2078 cujusdam
2142 1991 2510 2077 angustias
2540 1992 2785 2059 dedu-

537 2114 712 2177 cunt
757 2131 772 2185 ;
828 2114 1077 2194 poetae
1127 2109 1374 2175 haberi
1417 2114 1745 2193 possunt,
1803 2109 1927 2175 sed
1979 2114 2224 2193 poetae
2266 2107 2585 2173 minores
2634 2126 2651 2172 ε
2708 2107 2781 2173 hi

541 2224 835 2309 quidem
877 2224 949 2289 in
993 2224 1220 2309 pretio
1261 2229 1432 2291 sunt
1464 2224 1859 2290 dummodo
1892 2224 1964 2290 in
2011 2229 2161 2289 arte
2201 2242 2331 2289 sua
2362 2222 2726 2290 excellant
2763 2242 2776 2289 :

541 2340 666 2406 sed
720 2339 876 2406 istis
929 2357 1140 2405 nemo
1191 2358 1336 2406 non
1390 2340 1553 2406 illos
1606 2339 1978 2424 anteponit
2031 2338 2177 2423 qui,
2236 2338 2368 2404 etsi
2426 2356 2777 2405 versuum

537 2459 982 2523 structuram
1023 2472 1168 2521 non
1211 2455 1625 2541 neglegunt,
1674 2455 1743 2522 id
1784 2460 2024 2522 tamen
2066 2459 2230 2520 ante
2279 2453 2520 2520 omnia
2564 2473 2780 2539 spec-
2856 2478 2865 2491 ·

535 2575 712 2648 tant,
747 2575 825 2638 ut
851 2571 1191 2637 honestas
1220 2571 1614 2638 sententias
1640 2576 2069 2656 expromant
2096 2574 2163 2637 et
2190 2574 2391 2654 aptas
2420 2569 2778 2656 imagines

536 2686 932 2754 inveniant.

625 2908 986 2975 Nonnulla
1042 2914 1281 2976 tamen
1342 2928 1427 2975 ex
1484 2909 1597 2975 his
1657 2927 1839 2993 quae
1894 2908 1966 2974 in
2024 2905 2307 2992 ιερῶν-3
2359 2907 2631 2975 Amoris
2689 2911 2779 2976 ad

537 3022 775 3109 poesis
808 3023 1162 3091 rationem
1195 3024 1557 3108 pertinent
1589 3025 1958 3109 probanda
1990 3024 2349 3091 videntur.
2388 3022 2603 3103 Quae,
2642 3025 2775 3091 etsi

536 3157 682 3206 non
745 3140 918 3205 artis
985 3139 1131 3206 vim
1195 3140 1683 3224 potissimum,
1754 3140 1879 3206 sed
1943 3139 2181 3224 potius
2245 3139 2774 3206 nonnullorum

536 3258 913 3338 poetarum
968 3272 1240 3321 munus
1292 3259 1642 3338 spectant,
1697 3255 1844 3339 jam
1899 3272 2094 3320 nunc
2147 3254 2555 3332 afferemuS,
2605 3255 2773 3340 quia

535 3370 927 3454 quamdam
971 3370 1553 3454 progressionem
1608 3370 1696 3435 ad
1744 3371 2253 3436 humaniorem
2296 3369 2573 3454 poesim
2616 3376 2772 3436 tum

537 3485 798 3551 tactam
830 3502 988 3551 esse
1019 3484 1412 3551 declarant.

626 3599 995 3684 Ejusmodi
1023 3605 1191 3666 sunt
1225 3619 1304 3666 ea
1339 3619 1521 3684 quae
1552 3599 1982 3667 Guillelmus
2027 3600 2113 3667 de
2144 3601 2361 3667 satira
2395 3602 2765 3686 praecipit,

534 3715 710 3782 dum
742 3715 880 3781 hoc
918 3733 1146 3799 genus
1188 3715 1403 3782 latius
1445 3720 1688 3800 patere
1733 3721 1800 3782 et
1833 3714 2106 3799 majore
2140 3715 2545 3782 urbanitate
2578 3721 2771 3782 trac-

533 3829 669 3898 tari
700 3835 941 3916 optat:

579 4025 652 4079 ·1.
698 4038 726 4077 (ι
767 4025 958 4080 Nemo
989 4028 1077 4080 est
1107 4023 1291 4090 enim,
1326 4024 1605 4094 quamvis
1636 4024 1838 4079 tardus
1871 4028 1928 4078 et
1958 4023 2123 4078 rudis
2154 4023 2253 4091 sit,
2288 4024 2411 4094 qui,
2444 4023 2768 4079 dummodo

531 4124 852 4178 parumper
877 4113 1063 4163 artem
1095 4108 1414 4178 copulandi
1447 4109 1630 4162 verba
1660 4113 1717 4162 et
1746 4125 1919 4162 voces
1948 4108 2225 4163 meditari
2257 4113 2314 4162 et
2344 4108 2407 4162 in
2441 4109 2549 4162 hac
2575 4108 2771 4163 elabo-

531 4208 662 4248 rare
687 4191 857 4258 velit,
887 4194 997 4246 hoc
1027 4192 1255 4247 efficere
1285 4209 1400 4246 non
1434 4195 1634 4247 valeat
1667 4209 1679 4247 ε
1725 4208 1862 4246 nam
1896 4192 2101 4246 eadem
2134 4191 2315 4246 verba
2346 4209 2460 4246 non
2492 4193 2676 4246 semel
2704 4191 2765 4248 in

531 4280 799 4333 extrema.
826 4292 1106 4334 versuum
1139 4280 1307 4348 parte
1337 4276 1603 4348 copulari
1635 4279 1899 4348 possunt.
1937 4289 1965 4327 »
2008 4276 2134 4342 (111,
2169 4291 2225 4346 p.
2262 4275 2406 4340 362).
