2894 4999
1006 382 1358 477 „4³5-

182 603 468 673 Nimiam
495 605 631 673 hoc
657 604 813 672 loco
839 603 1296 673 severitatem
1324 604 1397 672 in
1422 603 1783 677 Bernardo
1803 604 2295 675 Raimundum

106 720 377 787 Vitalem
417 720 832 787 adhibuisse
873 721 1238 788 existimat
1276 718 1726 789 Guessardus
1764 739 1776 787 :
1826 740 1857 783 (ε
1903 720 2098 789 Hanc
2129 721 2305 791 Rai-.

109 857 136 901 «
184 838 478 905 mundus
520 836 769 904 Vitalis
832 836 1394 905 inconstantiam
1451 841 1678 913 vocat,
1746 836 1942 904 haud
2003 833 2295 921 quidem

108 970 133 1015 «
181 953 519 1021 immerito
551 971 564 1019 :
603 953 728 1021 sed
759 952 876 1020 cui
907 953 1044 1022 hoc
1070 952 1584 1037 imputandum
1610 957 1717 1019 est
1748 950 1785 1017 ’.Ρ
1825 952 2173 1021 Poetaene
2205 973 2295 1021 an

110 1086 135 1130 «
182 1066 450 1135 amori?
491 1068 678 1148 E'st0,
712 1069 1013 1154 abrupte
1041 1069 1130 1135 ad
1156 1068 1353 1135 aliud
1378 1067 1751 1146 transitur,
1786 1069 1933 1136 hiat
1960 1069 2297 1140 commis—

109 1203 135 1247 «
181 1203 332 1251 sura
367 1203 379 1249 :
423 1186 549 1252 sed
579 1185 942 1270 deamore
973 1184 1232 1269 agitur,
1271 1184 1395 1270 qui
1421 1200 1512 1251 ne
1542 1184 1618 1253 in
1649 1184 1970 1251 carmine
2002 1185 2295 1271 quidem

109 1318 134 1363 «
181 1301 637 1369 litteratorum
677 1300 751 1366 in
779 1300 1046 1368 ditione
1076 1300 1241 1367 est'.
1284 1319 1316 1365 n

179 1410 372 1485 Nobis
399 1434 570 1484 vero
596 1415 720 1483 illa
746 1415 1134 1483 Raimundi
1161 1416 1516 1483 sententia
1542 1415 1735 1485 haud
1763 1434 1947 1483 vana
1974 1416 2289 1485 videtur:

37 1561 39 1565 ·
108 1548 312 1598 nonne
348 1532 542 1599 enim
575 1532 753 1598 haec
793 1515 1242 1599 demonstrat
1273 1530 1484 1599 illum
1516 1530 2075 1599 Provincialium
2117 1532 2296 1618 lyri—
2350 1512 2357 1517 ¹

107 1664 320 1715 corum
361 1647 836 1733 praecipuum
877 1648 1137 1716 vitium
1188 1648 1574 1725 notavisse,
1631 1648 1702 1714 id
1749 1653 1856 1715 est
1904 1648 2294 1717 affectuum

108 1762 607 1831 simulationem
633 1762 670 1829 ⁶?
701 1762 924 1831 Nemo
951 1763 1286 1849 equidem
1313 1763 1595 1848 ignorat
1622 1763 1695 1835 in
1722 1764 1946 1831 animi
1977 1765 2294 1833 motibus

109 1879 335 1947 multas
365 1880 944 1966 perturbationes
980 1878 1139 1946 fieri
1172 1874 1401 1947 solere
1431 1884 1499 1946 et
1540 1880 1629 1947 ob
1669 1879 1740 1945 id
1771 1880 2013 1965 ipsum
2046 1899 2296 1965 quam-

108 1990 240 2062 dam
271 1995 828 2065 inconstantiam
860 1996 1052 2081 apud
1079 1995 1343 2080 lyricos
1383 1995 1822 2081 deprehendi
1864 2014 2075 2082 posse
2107 2017 2124 2077 ;-
2170 1997 2295 2063 sed

108 2107 164 2174 id
196 2112 656 2179 confiteamur
696 2130 990 2181 necesse
1029 2115 1159 2189 est,
1196 2110 1569 2179 Australes
1610 2117 1855 2209 poetas
1894 2112 1968 2179 in
2006 2112 2295 2180 brevio-

108 2223 274 2293 ribus
324 2226 772 2300 carminibus
827 2246 1075 2295 secum
1131 2226 1527 2313 pugnantia
1585 2227 2027 2311 expressisse
2066 2233 2156 2307 et,
2217 2232 2295 2296 ut

106 2340 258 2411 uotis
303 2340 533 2410 Flacci
575 2342 814 2412 verbis
855 2346 1170 2420 utamur,
1217 2342 1504 2427 saepius
1544 2342 1817 2411 eisdem
1857 2344 2187 2413 versibus
2227 2349 2293 2411 et

105 2454 575 2540 querimoniam
605 2462 672 2526 et
696 2454 841 2524 voti
864 2450 1269 2528 sententiam
1291 2464 1657 2546 compotem
1680 2460 1900 2528 simul
1922 2457 2287 2532 inclusisse.

105 2567 539 2647 Laudandum
603 2574 824 2660 igitur
882 2573 1374 2643 Raimundum
1426 2574 1733 2642 Vitalem
1790 2576 2292 2644 existimamus

108 2689 266 2770 quod
336 2689 824 2758 sinceritatem
899 2690 1469 2758 Provincialibus
1540 2692 1789 2776 ‚lyricis
1864 2693 2294 2779 plerumque

106 2801 378 2873 defuisse
409 2806 1021 2884 animadverterit,
1056 2807 1325 2874 nedum
1365 2806 1575 2874 illum
1608 2809 1799 2894 quod
1828 2808 1907 2876 id
1931 2808 2293 2877 Bernardo

106 2922 608 3005 exprobraverit
643 2922 1285 3007 reprehendamus.

173 3035 510 3118 Ceterum,
579 3038 1029 3112 existimator
1087 3039 1261 3124 ipse,
1321 3039 1532 3125 cujus
1595 3040 2007 3126 opinionem
2072 3060 2292 3127 supra

106 3154 827 3234 commemoravimus
865 3155 1042 3222 haec
1080 3159 1148 3222 et
1187 3155 1354 3222 talia
1394 3155 1659 3240 judicia
1700 3161 2056 3242 spectans,
2103 3162 2293 3224 recte

106 3265 250 3338 dixit
283 3289 297 3336 :⁴
343 3291 375 3336 ε(
411 3271 580 3340 Illae
621 3271 1286 3342 animadversiones
1318 3277 1597 3339 rectum
1628 3272 2137 3358 eruditumque
2177 3273 2291 3340 in·-

109 3398 131 3443 «
171 3387 449 3470 genium
490 3387 859 3454 declarant
897 3393 966 3454 et
1007 3386 1398 3472 quamdam
1438 3387 1872 3472 exquisitam
1925 3389 2292 3474 judicandi

107 3514 130 3560 (ι
171 3499 593 3583 facultatem,
649 3522 870 3589 quam
921 3503 1041 3571 vix
1091 3503 1280 3571 tertii
1333 3503 1593 3570 decimi
1643 3504 1909 3571 saeculi
1963 3505 2292 3573 technico

107 3629 130 3674 t(
171 3615 388 3687 inesse
426 3619 738 3686 credas².
780 3639 812 3683 »
857 3617 1157 3698 Etenim,
1203 3637 1372 3686 cum
1417 3619 1505 3686 de
1548 3623 1696 3687 tam
1746 3620 2087 3690 brevibus
2131 3620 2292 3687 ani-

105 3734 691 3804 madversionibus
723 3735 918 3802 haud
948 3735 1162 3820 longa
1192 3736 1704 3804 commentatio
1730 3736 1885 3803 fieri
1917 3736 2165 3827 possit,
2203 3755 2289 3804 ex

107 3935 129 3972 (t
162 3923 214 3982 in
239 3933 572 3985 ceterarum
602 3928 918 3984 mulierum
947 3927 1235 3986 ditionem
1267 3928 1400 3985 ceni
1427 3949 1451 3994 ,·
1489 3947 1745 4002 quar-um
1777 3947 1919 3994 una,
1952 3929 2007 3986 si
2035 3928 2287 3994 uidetur,

107 4018 130 4056 t(
163 4027 237 4068 me
261 4031 428 4070 ser-oo
456 4013 546 4070 uti
557 4017 776 4089 potest.
814 4029 844 4066 >1
891 4013 1000 4088 Op.
1036 4013 1224 4078 laad„
1259 4031 1316 4085 p.
1349 4013 1436 4070 85.

156 4119 198 4176 1.
231 4123 404 4190 zaid„
439 4141 498 4196 p.
526 4125 655 4181 LV.

155 4231 198 4288 2.
231 4235 404 4302 laid„
438 4247 497 4308 p,
527 4237 623 4293 Μ.
