2894 4999
1010 459 1366 535 -65-

60 681 127 730 se
175 670 400 750 aptae
450 665 968 751 colligataeque
1018 661 1216 750 sint),
1266 670 1658 750 utrumque
1708 664 1945 749 poesis
1996 663 2304 732 formam

57 785 439 847 externam
484 787 646 848 ante
678 781 920 848 omnia
962 782 1290 866 posuisse
1331 788 1397 848 et
1438 781 1772 847 similiter
1812 779 2302 847 desinentium

59 894 457 962 verborum
476 896 898 963 electionem
924 897 1296 991 permagni
1325 897 1746 963 aestimasse
1768 896 2017 980 liquet.
2037 894 2303 974 Quodsi

57 1007 251 1076 illius
310 1011 732 1095 peritissimi
779 1018 1028 1097 poetae
1071 1011 1425 1080 sententia
1474 1013 1628 1078 sine
1683 1011 1831 1077 ulla
1884 1011 2303 1096 exceptione

56 1123 340 1192 laudari
374 1145 524 1193 non
556 1132 809 1212 potest,
858 1127 1033 1212 quid
1074 1127 1160 1193 de
1200 1126 1568 1193 Guillelmi
1601 1126 1938 1214 opinione
1980 1124 2302 1194 sentien-

55 1239 226 1306 dum
261 1238 306 1306 ἶ)

134 1355 497 1441 Equidem
526 1357 678 1425 fieri
703 1363 934 1444 potest
964 1365 1041 1426 ut
1063 1359 1184 1426 illa
1213 1358 1673 1426 versificandi
1697 1357 1877 1426 ratio
1906 1357 2298 1443 probabilis

55 1474 415 1542 videatur.
447 1473 625 1541 Nam
656 1474 778 1560 qui
807 1493 887 1541 ea
915 1481 1330 1560 poematum
1360 1494 1625 1560 genera
1654 1479 1907 1542 tractat
1933 1474 2006 1539 in
2035 1473 2299 1559 quibus

55 1607 410 1656 versuum
443 1591 958 1657 struendorum
1000 1609 1218 1657 causa
1259 1591 1489 1657 multa
1531 1590 2045 1675 impedimenta
2078 1607 2299 1673 supe-

53 1706 272 1772 randa
309 1712 510 1784 sunt,
548 1706 721 1773 dum
755 1724 1049 1773 omnem
1084 1706 1403 1773 laborem
1445 1707 1535 1772 ad
1575 1707 1793 1772 verba
1824 1703 2297 1772 consonantia

54 1820 381 1906 eligenda
417 1821 796 1905 impendit,
846 1822 1013 1906 quia
1045 1841 1173 1907 per
1203 1823 1381 1888 haec
1420 1821 1845 1906 praesertim
1887 1839 2099 1886 aures
2141 1821 2299 1904 per-

53 1937 376 2004 mulcere
411 1937 634 2022 cupit,
671 1937 732 2003 is
765 1937 965 2003 illam
997 1937 1479 2022 componendi
1512 1936 1864 2003 rationem
1895 1936 2053 2020 iure
2085 1954 2297 2001 assu-

53 2052 196 2118 mit.
225 2051 425 2119 Haec
447 2053 641 2124 enim
671 2052 1099 2120 adhibeatur
1125 2053 1214 2119 ad
1237 2051 1359 2118 illa
1383 2058 1800 2137 poematum
1827 2069 2088 2136 genera
2112 2069 2294 2135 quae

51 2167 507 2234 existimator
556 2168 848 2253 quidam
900 2167 1186 2234 subtilis
1236 2165 1549 2252 appellat
1611 2186 1642 2230 «
1688 2178 1918 2252 nugas
1960 2164 2294 2250 implica—

49 2288 148 2351 tas
158 2336 300 2351 .....
379 2284 458 2350 in
528 2283 792 2368 quibus
860 2283 1331 2350 consonantia
1400 2283 1617 2350 verba
1686 2281 1893 2367 quasi
1962 2297 2285 2367 regnare,

47 2399 438 2485 imperare,
497 2395 735 2464 omnia
790 2396 1068 2484 yiynere
1115 2398 1514 2465 videntur¹.
1566 2418 1597 2462 »
1650 2397 1922 2474 Nonne,
1978 2396 2291 2482 exempli

47 2534 284 2595 causa,
325 2514 634 2600 quilibet
665 2514 1022 2582 Australis
1063 2519 1293 2599 poeta,
1337 2511 1670 2580 sexti-nam
1715 2513 2143 2598 scripturuS,
2192 2513 2291 2599 (id

45 2636 469 2716 est.poema
519 2630 677 2715 ejus
735 2630 1019 2717 generis
1069 2635 1147 2697 ut
1200 2629 1274 2695 in
1329 2630 1467 2695 hoc
1520 2628 1701 2695 nihil
1758 2628 1847 2694 sit
1897 2628 2090 2713 quod
2143 2646 2289 2694 non

47 2747 278 2813 verbis
321 2746 901 2813 consonantibus
942 2741 1421 2830 subjiciatur),
1470 2744 1789 2829 primum
1833 2743 1922 2809 ad
1964 2743 2180 2809 verba
2213 2742 2288 2808 in

45 2861 394 2929 extremis
420 2846 754 2927 versibus
785 2861 1204 2927 collocanda
1235 2860 1566 2926 animum
1598 2859 2014 2926 intendebat
2045 2855 2082 2923 ⁶?

119 2974 314 3043 Haec
374 2994 416 3043 a
466 2974 851 3042 Guillelmo
906 2975 1045 3043 dici
1100 2974 1438 3061 oportuit,
1496 2974 1556 3041 si
1610 2974 1824 3041 modo
1882 2973 2284 3040 doctrinam

47 3110 245 3159 suam
274 3091 579 3178 probari
606 3092 978 3159 voluisset.
1010 3092 1088 3157 In
1115 3110 1198 3158 eo
1227 3092 1444 3177 igitur
1477 3089 1934 3176 potissimum
1966 3088 2286 3173 peccavit

47 3208 227 3293 quod
255 3207 560 3275 nullum
588 3212 1102 3293 argumentum
1134 3208 1222 3273 ad
1251 3205 1682 3273 sententiam
1709 3204 2284 3303 confirmandam

43 3325 302 3393 attulit.
355 3322 666 3400 Etenim,
706 3340 875 3389 cum
915 3327 1201 3407 poetam
1233 3322 1565 3387 hortatur
1596 3326 1673 3387 ut
1712 3320 2031 3405 primum
2067 3319 2284 3385 verba

41 3437 547 3515 consonantia,
586 3437 841 3504 deinde
875 3437 1307 3503 sententiam
1341 3436 1685 3513 inveniat,
1725 3453 1869 3501 non
1910 3453 2078 3501 eum
2119 3440 2283 3500 tan-

39 3556 182 3621 tum
237 3557 529 3639 spectat
574 3551 697 3637 qui
746 3551 1037 3637 aliquod
1087 3569 1344 3637 poema
1383 3551 1474 3621 ad
1518 3555 1749 3617 certas
1798 3550 2013 3635 legeS,
2063 3549 2131 3615 id
2174 3554 2283 3615 est

35 3674 221 3737 certo
271 3668 676 3736 verborum
731 3666 1064 3733 similiter
1120 3666 1607 3734 desinentium
1662 3664 1913 3732 ordine
1967 3669 2272 3741 servatO,

37 3785 180 3851 vult
253 3798 722 3867 componere,
796 3782 922 3847 sed
989 3781 1385 3866 quemlibet
1447 3785 1757 3865 poetam,
1830 3799 1999 3848 cum
2057 3779 2277 3845 verbo

33 3896 310 3985 (dictat)
369 3897 566 3983 quod
622 3914 838 3964 omne
907 3896 1270 3981 poeticum
1333 3913 1517 3982 opus
1580 3894 1988 3981 significare
2046 3898 2276 3979 potest

35 4018 300 4084 utatur.

91 4198 142 4253 1.
187 4212 218 4251 α
259 4190 614 4264 Bagatelles
635 4190 1037 4264 compliquees
1045 4234 1152 4249 .....
1182 4192 1257 4247 οὺ
1286 4193 1346 4247 la
1374 4191 1528 4248 rime
1554 4192 1642 4247 est
1668 4208 1740 4246 en
1773 4188 1911 4247 effet
1931 4188 2097 4246 reine
2128 4194 2273 4245 mai-

33 4284 200 4339 tresue
226 4286 290 4337 et
322 4277 716 4350 generatrice.
750 4292 779 4332 »
817 4278 876 4333 J.
908 4276 1234 4345 Lemaitre‚
1265 4276 1380 4332 Les
1411 4275 1932 4351 ContemporainS.
1967 4276 2035 4343 (Ι,
2067 4292 2125 4345 p.
2159 4274 2271 4337 16).

2114 4370 2152 4435 b
