2894 4999
1141 409 1210 438 ‘2¹‘

988 472 1077 488 ψ
1123 431 1206 508 37
1254 477 1342 488 -

37 631 117 702 in
144 633 360 703 illum
385 613 1126 704 honorificentissima·
1145 629 1437 722 quidem
1467 631 1825 705 sententia*
1843 617 2127 715 {licitum
2154 628 2283 705 s'e’tf

40 751 229 822 nihil
263 756 369 820 est
409 743 735 841 profecto
759 747 892 820 c'tir
923 749 1074 819 non
1099 746 1278 820 iiu'ic
1301 737 1786 820 assentiamur
1816 771 1829 818 :

136 887 172 931 «
227 867 276 934 Ε
333 868 402 936 io
451 867 733 937 meill'e'r
784 857 1105 936 frobaire'
1137 863 1275 954 que
1325 882 1553 954 negus
1606 868 1927 954 d’aquels
1981 868 2278 954 qu’eron

37 985 228 1052 estat
280 981 518 1053 de'na‘n
576 984 651 1058 ni
709 977 916 1051 soron
972 976 1185 1069 apres·
1229 983 1384 1064 lui;
1430 994 1559 1071 per
1611 1002 1748 1070 que
1802 985 1870 1052 lo
1928 985 2280 1071 appellatz

37 1105 356 1168 maestre
396 1098 549 1168 del's
590 1095 966 1168 trob‘adors
1008 1105 1074 1168 et
1115 1119 1191 1167 es
1241 1093 1462 1168 anca'r
1501 1104 1629 1186 p'er
1668 1105 1819 1168 totz
1848 1090 2097 1186 aquels
2138 1093 2285 1187 qu‘e·

35 1216 182 1283 ben
229 1217 594 1287 entendon
634 1217 894 1288 subtils
943 1217 1084 1288 ditz
1138 1217 1212 1287 ni
1264 1218 1404 1288 ben
1445 1221 1739 1307 pauzatz
1781 1217 2055 1288 d'amor
2104 1237 2141 1286 e
2189 1220 2276 1289 de

37 1332 227 1402 sen⁴.
271 1352 303 1399 »

1099 1569 1221 1661 *ek*

128 1890 224 1957 Ex
258 1890 586 1976 allegatis
618 1890 792 1957 locis
833 1895 1113 1958 constat
1152 1887 1553 1975 Lyricorum
1590 1887 1772 1958 Vitas
1803 1909 1947 1958 non
1990 1895 2272 1959 tantum

39 2008 124 2074 ad
176 2025 422 2074 mores
463 2012 585 2074 aut
628 2007 850 2074 vitam
894 2012 1269 2092 poetarum
1311 2007 1694 2091 pertinere,
1750 2008 1874 2075 sed
1922 2006 2135 2075 etiam
2188 2009 2274 2075 de

39 2123 308 2190 horum
377 2124 740 2209 operibus,
814 2124 1005 2190 fama
1068 2123 1502 2209 ingenioque
1569 2123 1797 2190 multa
1864 2122 2274 2190 testimonia

37 2239 660 2307 existimatoribus
702 2240 1066 2326 praebere.
1463 2301 1467 2306 .

126 2353 331 2436 Quod
363 2356 421 2422 si
464 2356 814 2423 nonnulla
843 2357 1108 2435 horum
1147 2355 1585 2442 judiciorum
1614 2355 1881 2423 leviora
1908 2361 1974 2423 et
2015 2375 2273 2442 parum

37 2471 337 2541 subtilia
378 2472 739 2551 videntur,
788 2449 1342 2540 meminerimus
1381 2476 1626 2539 tamen
1671 2471 1848 2540 haec
1887 2492 1926 2540 a
1967 2472 2275 2558 scripto-

37 2588 245 2655 ribus
300 2588 485 2655 lacta
542 2606 722 2667 esse,
779 2588 1043 2673 quibus
1103 2588 1500 2673 lyricorum
1554 2606 1769 2673 opera
1818 2589 2049 2673 magis
2109 2594 2274 2656 nota

37 2708 245 2771 erant
300 2723 520 2789 quam
571 2704 778 2771 nobis
831 2709 1024 2771 sunt.
1084 2703 1351 2788 Itaque,
1412 2704 2059 2788 quantulicumque
2114 2723 2275 2772 mo-

8 2819 268 2907 111611ῐί
310 2824 480 2887 sunt
522 2820 776 2897 multa,
816 2838 962 2886 non
1002 2819 1530 2887 contemnenda
1572 2819 1778 2885 nobis
1820 2820 2178 2887 videntur.

123 2933 528 3013 caveamus
584 2940 651 3001 et
711 2952 801 3001 ne
864 2934 950 3001 iis
1002 2935 1125 3018 qui
1174 2932 1354 3002 Vitas
1411 2935 1858 3020 scripserunt
1910 2936 2046 3002 hoc
2101 2935 2273 3041 vitio

39 3057 435 3129 vertamuS,
492 3050 686 3136 quod
738 3068 884 3118 non
933 3050 1362 3117 acerrimam
1421 3049 1793 3135 judicandi
1856 3050 2270 3118 facultatem

9 3165 562 3235 declaraverint
598 3185 612 3233 :
658 3186 828 3234 nam
868 3185 1015 3234 non
1056 3166 1126 3235 id
1175 3166 1310 3232 sibi
1352 3166 1819 3254 potissimum
1866 3184 2269 3253 proposue-

99 3416 152 3470 1.
198 3430 230 3468 «
271 3414 619 3478 Quamlibet
640 3417 735 3471 vel
759 3415 1130 3484 superiorum
1154 3416 1250 3470 vel
1274 3415 1665 3484 posteriorum
1694 3418 2001 3485 poetarum
2028 3414 2271 3486 ingenio

8 3488 341 3570 fsuperavit
375 3518 388 3555 ε
432 3500 635 3570 itaque
676 3500 958 3569 magister
999 3499 1324 3569 lyricorum
1363 3500 1703 3569 appellatus
1742 3504 1849 3567 est,
1884 3505 2147 3571 'eumque
2186 3501 2273 3555 sic

37 3585 385 3640 etiamnunc
433 3585 745 3655 appellant
798 3584 1159 3654 quicumque
1211 3584 1275 3638 in
1326 3584 1649 3639 subtilibus
1703 3589 1761 3640 et
1808 3589 1966 3640 recte
2014 3585 2271 3640 conditis

37 3668 431 3735 carminibuS,
455 3673 687 3724 teneros
713 3667 958 3723 affectus
985 3668 1166 3723 simul
1189 3672 1247 3723 et
1272 3667 1501 3738 ingenii
1529 3686 1778 3724 acumen
1805 3669 2268 3738 declarantibuS‚

37 3752 399 3823 intellegunt
440 3768 469 3805 ›>
522 3754 602 3822 (p.
644 3753 756 3818 14).
809 3783 874 3789 -
923 3752 1064 3807 Alia
1109 3752 1338 3822 judicia
1385 3753 1544 3809 haud
1591 3753 2017 3824 intempestive
2063 3753 2273 3810 afferre

8 3880 11 3889 .
39 3854 363 3909 possemus,
399 3836 722 3907 quamdam
756 3836 1135 3906 diligentiam
1165 3837 1588 3906 significantia.
1625 3838 1727 3893 Sic
1756 3843 1891 3910 apte
1922 3838 2274 3894 existiman-

39 3927 131 3977 tur
163 3940 274 3978 nec
306 3922 681 3978 brevioribus
711 3919 910 3976 verbis
944 3938 956 3976 :
999 3921 1301 3976 Arnaldus
1331 3922 1547 3977 Daniel
1585 3924 1665 3992 (p.
1698 3922 1811 3990 13),
1846 3924 2018 3993 Hugo
2048 3924 2271 3980 Fuscus

36 4008 111 4076 (p.
146 4007 260 4074 35),
295 4006 494 4063 Guido
525 4006 597 4061 de
629 4006 860 4063 Ussello
892 4010 949 4061 et
991 4007 1202 4061 fratres
1247 4010 1305 4061 et
1349 4006 1637 4076 patruelis
1680 4007 1807 4075 ejus
1838 4010 1918 4077 (p.
1951 4008 2063 4074 40),
2098 4009 2270 4078 Hugo

8 4092 10 4095 ’
37 4092 103 4146 de
145 4092 369 4148 Sancto
402 4091 620 4161 Cyrico
651 4092 731 4161 (p.
765 4091 878 4158 51),
923 4092 1135 4146 Petrus
1169 4090 1511 4147 Cardinalis
1543 4094 1623 4161 (p.
1656 4091 1769 4159 62),
1804 4093 2016 4147 Petrus
2046 4092 2269 4148 Vitalis

37 4176 110 4247 (p.
141 4177 265 4243 64),
319 4177 689 4233 Rambaldus
737 4175 1148 4231 Arausicensis
1193 4178 1273 4249 (p.
1316 4175 1428 4245 76),
1483 4175 1846 4237 Guillelmus
1900 4177 2266 4249 Reginoldus

8 4300 10 4303 >
37 4264 113 4331 (p-
143 4260 256 4330 88),
289 4262 600 4321 Ferrarius
631 4263 708 4338 (p.
741 4260 894 4327 110).
