2894 4999
873 1337 1496 1491 coNc'Lthio

147 1955 250 2025 Ex
275 1959 454 2027 locis
475 1959 552 2025 in
571 1959 707 2025 hac
722 1960 1332 2028 commentatione
1351 1960 1677 2046 allegatis
1695 1966 1991 2047 apparet
2014 1961 2302 2028 nullum

64 2093 248 2161 opus
291 2075 700 2142 litterarum
739 2075 1356 2167 aestimandarum
1397 2094 1615 2143 causa
1651 2096 1691 2143 a
1730 2076 2305 2145 Provincialibus

62 2191 441 2259 conditum
490 2196 796 2270 exstare,
847 2192 1039 2276 quod
1084 2208 1231 2258 non
1271 2193 1359 2258 ad
1399 2192 1702 2277 poesim,
1748 2193 2175 2277 praesertim
2216 2194 2305 2259 ad

61 2307 380 2392 lyricum
410 2324 640 2391 genus
677 2306 1053 2392 pertineat.

142 2422 300 2489 Hoc
326 2438 472 2488 non
499 2421 878 2504 miramur,
911 2440 1103 2503 cum,
1138 2424 1198 2490 si
1226 2424 1504 2509 poesim
1536 2420 2090 2509 praetermittas,
2131 2441 2306 2510 pau-

59 2538 358 2607 cissima
378 2555 597 2622 opera
613 2539 929 2622 reperias
949 2558 1131 2623 quae
1149 2540 1648 2606 aestimatione
1665 2540 1881 2624 digna
1894 2521 2300 2606 videantur.

59 2652 612 2722 Meminerimus
643 2658 888 2721 tamen
919 2653 1064 2721 iere
1104 2673 1357 2721 omnes
1397 2654 1883 2722 Provinciales
1916 2655 2305 2739 scriptores

59 2770 372 2856 lyricam
403 2769 696 2854 quidem
729 2770 1007 2854 poesim
1049 2770 1493 2847 tractavisse,
1539 2769 1665 2836 sed
1705 2770 1993 2836 eosdem
2039 2768 2305 2854 lyricae

60 2884 306 2970 poesis
365 2884 658 2951 nomine
717 2885 1080 2969 permulta
1133 2890 1551 2970 poematum
1610 2902 1872 2970 genera
1930 2884 2305 2969 amplexos

58 3019 245 3070 esse.
303 2999 573 3086 Itaque,
625 3018 796 3067 cum
845 3001 932 3068 de
978 3001 1228 3086 lyricis
1269 3005 1555 3069 tantum
1595 3000 1822 3086 poetis
1867 2999 2305 3066 existimatio

57 3117 184 3186 fiat
218 3117 414 3202 apud
453 3116 964 3195 ProvincialeS‚
1003 3117 1365 3202 permulta
1405 3122 1649 3183 tamen
1680 3135 1897 3202 opera
1928 3115 2017 3184 ab
2054 3115 2307 3182 existi-

59 3232 468 3300 matoribus
534 3232 1018 3300 illustrantur.
1093 3232 1317 3299 Nemo
1379 3237 1623 3298 autem
1691 3232 1778 3299 de
1843 3230 2305 3298 Australibus

62 3347 300 3434 poetis
341 3347 741 3432 perfectum
795 3347 1146 3431 judicium
1188 3347 1420 3424 faciet,
1470 3347 1527 3412 si
1571 3347 1745 3431 quid
1794 3325 1899 3412 ini
1953 3346 2041 3412 de
2080 3351 2308 3413 semet

67 3464 251 3549 ipsis
279 3463 594 3530 dixerint
621 3463 920 3531 omnino
953 3463 1347 3548 neglexerit
1381 3481 1394 3528 :
1432 3480 1602 3528 nam
1629 3461 2077 3528 Australium
2108 3461 2306 3547 poesi

62 3579 384 3664 insignia
424 3579 781 3663 quaedam
836 3578 1086 3645 insunt
1127 3596 1310 3662 quae
1352 3577 1496 3656 viX,
1545 3576 1849 3644 sublatis
1889 3576 2308 3645 Provincia-

62 3696 248 3763 lium
294 3694 619 3779 ipsorum
664 3694 1120 3773 testimoniiS,
1167 3693 1764 3778 comprehendas,
1809 3691 2060 3759 Nonne
2090 3692 2306 3759 etiam

67 3783 692 3896 Septefftrionales
749 3809 958 3894 lyrici
1017 3826 1145 3895 per
1191 3809 1440 3875 eadem
1496 3808 1681 3874 fiunt
1734 3806 2189 3898 illustrioreS,
2250 3806 2311 3873 si

63 3925 365 4012 quidem
417 3925 495 3991 hi
547 3944 587 3992 a
640 3924 1215 3992 Provincialibus
1273 3923 1636 4008 permulta
1693 3922 2006 3990 mutuati
2060 3926 2230 3990 sunt
2270 3919 2307 3988 ⁶?

61 4041 256 4110 Haec
285 4040 511 4126 igitur
538 4040 952 4108 testimonia
992 4039 1261 4124 inquiri
1302 4044 1368 4106 et
1402 4038 1814 4124 percenseri
1854 4055 2112 4122 operae
2142 4055 2309 4122 pre-

61 4158 252 4226 tium
292 4173 452 4224 esse
492 4155 864 4223 duximus.

151 4273 534 4341 Praeterea
562 4271 852 4338 nullum
879 4289 1062 4357 opus
1089 4289 1128 4337 a
1159 4269 1734 4338 provincialibus
1766 4269 2117 4355 scriptum
2151 4285 2309 4334 esse

2151 4408 2189 4472 6
2204 4455 2206 4462 .
