2894 4999
1036 426 1392 494 -71-

167 640 204 685 «
249 620 575 707 ,Maldigz
628 622 977 707 especials
1027 641 1103 690 es
1156 628 1320 690 cant
1374 624 1547 690 hom
1602 642 1692 690 en
1747 624 2101 690 sirventes
2151 642 2192 691 o
2240 642 2331 691 en

77 742 294 804 autre
327 737 549 804 dictat
589 738 729 804 ditz
762 738 909 803 mal
939 737 1511 823 d'alquna'certa
1546 757 1854 823 persona
1888 761 1904 818 ;
1950 758 2132 823 quar
2158 739 2330 805 hom

77 871 163 918 en
209 870 342 919 sos
383 853 641 919 dictatz
684 866 777 919 no
817 852 952 919 deu
996 854 1413 938 especificar
1453 854 1678 922 lunha
1721 873 2027 939 persona
2073 854 2147 921 ni
2192 854 2330 949 deu

77 968 187 1033 dir
227 968 572 1052 paraulas
601 969 738 1034 tals
766 982 891 1052 per
918 968 1161 1053 qu'om
1192 975 1382 1036 certa
1412 988 1720 1054 persona
1746 970 2053 1037 entenda
2080 988 2214 1037 can
2240 988 2331 1037 en

77 1101 216 1151 son
253 1083 480 1150 dictat
511 1102 736 1168 pauza
778 1083 1001 1168 alqun
1043 1084 1336 1169 maldig.
1381 1084 1486 1151 No
1526 1085 1756 1152 dizem
1796 1104 1920 1171 ges
1961 1084 2200 1170 qu’om
2237 1103 2330 1151 no

79 1216 362 1282 puesca
430 1205 748 1283 retrayre
811 1199 1034 1283 alqun
1089 1199 1360 1285 maldig
1411 1199 1792 1285 d'alqunas
1840 1219 2185 1286 personas
2238 1218 2329 1267 θη

76 1314 407 1398 general,
466 1352 554 1360 —-
612 1333 768 1380 mas
809 1332 948 1398 que
987 1320 1180 1381 certa
1221 1333 1531 1400 persona
1572 1334 1665 1382 no
1706 1316 1808 1383 sia
1851 1316 2211 1383 nomnada
2254 1316 2328 1381 ni

75 1429 503 1514 dezignada,
540 1466 627 1475 -
665 1447 867 1496 coma
899 1430 984 1496 de
1013 1448 1378 1515 renoyem,
1417 1430 1504 1497 de
1535 1431 1995 1510 mercadierS,
2033 1432 2118 1515 de
2158 1431 2329 1497 bor—

74 1563 369 1630 guezeS,
418 1546 503 1611 de
544 1551 841 1623 comteS,
888 1545 974 1612 de
1017 1549 1441 1623 vescomteS,
1481 1546 1567 1611 de
1609 1563 1796 1631 reyS,
1833 1545 1919 1611 de
1960 1545 2321 1630 princepS,

76 1662 160 1727 de
212 1660 486 1745 iutges,
546 1660 932 1739 d’avocatz‚
985 1666 1054 1728 et
1094 1660 1382 1746 enaissy
1422 1660 1511 1725 de
1552 1665 1750 1745 trops
1790 1665 2056 1727 autres.
2118 1660 2196 1727 Et
2236 1678 2326 1726 θη

77 1781 340 1861 aquest
368 1794 490 1841 cas
516 1776 740 1860 degus
769 1793 864 1841 no
889 1794 968 1841 se
991 1776 1126 1842 deu
1157 1775 1302 1841 mal
1334 1780 1534 1842 tener
1561 1776 1620 1842 si
1650 1777 1819 1841 hom
1848 1793 2072 1859 pauza
2100 1776 2325 1860 alqun

78 1890 360 1975 maldig
397 1909 488 1956 θη
520 1909 652 1957 son
683 1892 900 1957 dictat
931 1891 1047 1956 del
1080 1890 1273 1958 uffici
1304 1892 1447 1957 don
1480 1891 1687 1975 aquel
1730 1908 1829 1969 eS,
1869 1909 2051 1974 quar
2090 1891 2321 1976 aytals

77 2004 396 2089 maldigz
439 2005 532 2069 ha
563 2006 735 2070 hom
767 2010 1207 2072 acostumatz
1235 2006 1321 2073 de
1361 2006 1514 2073 dire
1547 2025 1674 2091 per
1710 2006 1971 2073 castier
2001 2024 2039 2072 θ
2071 2023 2164 2071 no
2196 2024 2324 2090 per

79 2119 284 2186 eveia
313 2119 388 2185 ni
419 2138 546 2203 per
571 2119 917 2186 detractio
944 2121 1018 2186 ni
1047 2139 1172 2205 per
1195 2121 1302 2187 far
1328 2122 1399 2187 ni
1428 2123 1541 2188 dir
1566 2121 1846 2207 enjuria
1875 2122 1963 2187 ad
1988 2121 2262 2188 home'.
2287 2140 2318 2185 »

163 2234 363 2300 Nihil
398 2234 734 2319 equidem
767 2236 1034 2302 rectius
1060 2237 1199 2304 dici
1233 2238 1463 2322 potuit
1497 2256 1510 2303 :
1549 2238 1717 2316 imo,
1756 2238 1814 2303 si
1850 2242 2125 2303 veteres
2156 2236 2323 2303 Pro-

79 2350 431 2417 vinciales
473 2350 674 2434 lyrici
719 2351 842 2417 illo
885 2352 1097 2418 modo
1138 2353 1274 2419 hoc
1313 2371 1545 2438 genus
1580 2353 2103 2437 concepissent,
2151 2369 2322 2436 pro-

76 2466 265 2534 iecto
305 2466 574 2532 horum
616 2466 1021 2533 sirventesii
1066 2467 1319 2553 majori
1353 2468 1808 2536 delectationi
1852 2486 2048 2534 nunc
2078 2472 2321 2535 essent

75 2583 512 2668 legentibus.
558 2581 735 2648 Nam
770 2601 854 2648 ex
897 2601 979 2649 eo
1021 2585 1222 2667 quod·
1254 2584 1573 2668 privatos
1616 2584 2118 2651 vehementius
2158 2602 2321 2649 car-

75 2717 246 2782 pere
280 2698 541 2776 solent,
573 2716 714 2763 non
746 2698 984 2764 solum
1009 2698 1086 2764 fit
1113 2704 1187 2764 ut
1211 2699 1617 2766 sirventesii
1646 2699 2084 2766 difficiliores
2112 2699 2320 2765 nobis

75 2814 216 2881 sint
263 2813 357 2879 ad
411 2813 1002 2898 intellegendum,
1065 2814 1188 2880 sed
1243 2814 1460 2881 etiam
1502 2819 1579 2881 ut
1635 2814 1746 2880 his
1801 2815 2032 2881 multo
2081 2814 2320 2881 minor

74 2929 246 2996 insit
279 2930 734 2997 auctoritas².

145 3113 194 3167 1.
243 3126 274 3163 «
318 3110 638 3166 Privatum
685 3111 1074 3166 maledictum
1117 3116 1205 3166 est
1235 3111 1499 3181 aliquem
1539 3111 1667 3166 sive
1697 3112 1761 3166 in
1806 3111 2159 3167 sirventesio
2190 3111 2319 3168 sive

77 3197 136 3252 in
165 3196 330 3252 alius
362 3194 594 3264 generis
626 3194 892 3250 carmine
923 3195 1086 3266 carpi
1118 3213 1130 3263 ;
1175 3213 1312 3250 nam
1345 3196 1680 3250 cavendum
1711 3200 1800 3250 est
1831 3213 1910 3250 ne
1935 3195 2068 3265 quis
2097 3196 2160 3250 in
2188 3213 2318 3252 car-

79 3280 352 3336 minibus
375 3296 733 3348 quemquam
759 3279 1029 3348 designet
1055 3297 1204 3333 neve
1231 3279 1306 3333 iis
1328 3279 1527 3335 verbis
1552 3284 1755 3335 utatur
1776 3296 1925 3350 quae
1950 3280 2023 3334 ad
2054 3279 2317 3349 aliquem

79 3365 386 3437 pertinere
411 3363 751 3429 videantur,
781 3365 1268 3433 quotiescumque
1297 3364 1360 3418 in
1388 3381 1491 3418 suo
1522 3363 1788 3419 carmine
1814 3364 2106 3419 maledice
2131 3364 2317 3434 loqui-

75 3457 186 3506 tur.
211 3450 356 3505 Non
388 3447 450 3502 id
472 3452 746 3502 vetamus
769 3449 1057 3517 quaedam
1092 3449 1405 3503 hominum
1437 3465 1653 3518 genera
1681 3448 1969 3520 gregatim
1998 3448 2183 3518 carpi,
2216 3447 2318 3503 sed

77 3536 346 3605 aliquem
382 3531 742 3586 nominatim
775 3533 1074 3602 designari
1109 3551 1121 3589 :
1165 3532 1252 3588 ita
1290 3535 1691 3599 foeneratores,
1735 3537 2109 3599 mercatoreS‚
2141 3531 2319 3587 urba-

78 3636 201 3686 ηοε,
263 3616 537 3681 comite8‚
592 3617 997 3682 vicecomites,
1057 3615 1241 3685 reges,
1297 3617 1619 3688 principes,
1678 3617 1928 3686 judiceS‚
1988 3615 2319 3672 causidicos

75 3706 420 3772 multosque
477 3701 625 3755 alios
685 3701 1037 3770 (generatim
1094 3701 1256 3771 carpi
1316 3701 1481 3766 licet)
1525 3719 1538 3769 ;
1600 3706 1728 3757 tum
1783 3700 2012 3755 nemini
2074 3701 2319 3755 moleste

75 3786 395 3844 ferendum
427 3790 516 3840 est
546 3789 734 3840 artem
763 3803 928 3840 suam
963 3785 1026 3839 in
1058 3785 1326 3840 carmine
1355 3785 1541 3856 carpi,
1575 3802 1715 3840 nam
1744 3783 2087 3854 hujusmodi
2118 3800 2318 3854 repre-

77 3871 368 3928 hensione
399 3869 715 3940 scriptores
746 3870 835 3924 uti
862 3871 1052 3924 solent
1083 3868 1415 3939 castigandi
1449 3869 1737 3934 (scilicetz
1763 3869 1938 3934 vitia)
1970 3885 2165 3935 causa,
2200 3884 2316 3922 non

77 3955 318 4012 invidia
368 3958 472 4008 aut
520 3953 893 4008 detrectandi
937 3953 1155 4019 studi0‚
1203 3971 1310 4008 nec
1358 3954 1433 4008 ad
1473 3969 1831 4023 quemquam
1873 3969 1935 4006 re
1973 3956 2076 4008 aut
2119 3951 2337 4016 verbis

76 4038 512 4097 contumeliose
544 4037 920 4092 laedendum.
957 4053 986 4089 »
1028 4039 1153 4104 (111,
1188 4053 1245 4103 p.
1278 4037 1382 4091 124
1413 4042 1472 4091 et
1502 4036 1648 4102 126).

139 4155 191 4209 2.
238 4149 416 4215 Quod
457 4149 530 4204 de
574 4148 799 4204 duobus
839 4148 1212 4203 sirventesiis
1244 4165 1493 4218 quorum
1539 4164 1718 4218 supra
1756 4146 1982 4202 mentio
2026 4148 2186 4202 facta
2229 4151 2317 4201 est

74 4241 196 4309 jure
223 4234 478 4292 dixeris.
508 4234 667 4290 Nam
700 4232 978 4303 quamvis
1004 4250 1040 4289 a
1069 4234 1246 4289 Petro
1271 4235 1541 4290 Arverno
1569 4238 1626 4288 et
1650 4250 1687 4288 a
1712 4232 2007 4288 Monacho
2037 4231 2110 4287 de
2138 4231 2316 4287 Mon-
