2894 4999
1500 437 1856 513 -03-

647 639 771 711 His
801 647 1046 710 autem
1079 641 1320 709 verbis
1351 640 1565 727 plane
1596 657 1943 725 apparere
1972 636 2475 706 existimamus
2504 634 2808 705 Guillel-

559 777 766 825 mum
809 775 954 825 non
986 776 1154 824 eum
1175 775 1354 825 ‚esse
1396 756 1519 841 qui
1560 755 1634 821 in
1678 774 1751 822 re
1792 754 2225 839 disputanda
2258 753 2374 820 via
2412 758 2480 820 et
2522 752 2806 819 ratione

561 873 1083 959 progrediatur.
1119 871 1396 939 Etenim
1425 889 1572 937 non
1599 888 1854 938 causas
1887 874 2167 937 tantum
2197 869 2334 935 hoc
2364 869 2521 935 loco
2551 887 2807 935 nume-

560 994 692 1056 rat.
727 987 811 1055 Ut
843 988 913 1054 id
943 1006 1074 1073 pro
1100 993 1295 1055 certo
1327 985 1676 1053 affirmari
1707 985 1958 1070 possit,
1990 1002 2213 1070 quare
2241 984 2478 1069 poesis
2504 984 2807 1051 inventa

559 1104 687 1183 sit,⁸
723 1104 963 1189 potius
1013 1104 1188 1189 quid
1227 1102 1351 1170 illa
1389 1102 1675 1169 efficere
1722 1100 1955 1167 valeat
2002 1100 2298 1186 exponit
2336 1098 2801 1167 Guillelmus.

559 1218 771 1287 Recte
811 1218 1106 1303 quidem
1139 1218 1311 1285 dicit
1342 1218 1772 1303 scriptorem
1813 1216 1937 1302 qui
1970 1215 2187 1283 verba
2218 1232 2434 1283 versu
2476 1215 2806 1283 includat

559 1335 958 1402 maximam
992 1334 1066 1401 in
1097 1334 1401 1401 dicendo
1432 1332 1859 1400 brevitatem
1899 1330 2185 1416 assequi
2218 1348 2233 1396 ε
2278 1331 2405 1398 sed
2444 1349 2631 1398 num
2665 1346 2807 1415 quo

558 1450 887 1517 breviore
909 1451 1231 1517 oratione
1256 1453 1635 1517 uterentur
1658 1448 2048 1533 scriptores
2071 1446 2307 1534 poesis
2334 1447 2806 1531 potissimum

559 1566 854 1633 inventa
899 1570 1007 1632 est
1036 1564 1074 1631 ‘?
1112 1566 1231 1633 Ait
1275 1564 1493 1633 etiam
1536 1582 1665 1649 per
1707 1562 2032 1630 carmina
2071 1562 2143 1629 id
2186 1561 2449 1628 melius
2484 1560 2806 1629 discerni

558 1698 770 1767 posse
810 1681 1254 1749 vitiosumne
1303 1681 1394 1749 sit
1434 1698 1619 1765 opus
1668 1696 1761 1746 an
1812 1678 2210 1764 perfectum
2248 1695 2262 1743 :
2308 1677 2485 1764 quid
2525 1677 2669 1745 hoc
2714 1677 2805 1743 ad

558 1797 796 1883 poesis
833 1797 1189 1883 originem
1219 1795 1257 1863 ‘?
1296 1795 1477 1864 Cum
1508 1814 1676 1863 vero
1706 1794 2075 1862 contendit
2114 1793 2392 1879 poesim
2424 1794 2802 1861 inventam

560 1931 718 1981 esse
788 1916 863 1979 ut
930 1913 1264 1980 homines
1329 1912 1503 1998 quid
1570 1912 1644 1978 in
1707 1910 1953 1977 animo
2018 1910 2366 1978 haberent
2433 1907 2807 1976 declarare

558 2034 876 2114 possent,
911 2046 1056 2113 quo
1081 2028 1260 2095 haec
1288 2032 1617 2113 spectent
1643 2044 1789 2093 non
1820 2026 2098 2111 liquere
2124 2024 2561 2093 confitemur
2597 2046 2615 2106 3
2664 2024 2804 2091 nisi

559 2143 740 2211 forte
779 2144 865 2212 de
913 2144 1262 2211 amatoria
1309 2144 1508 2229 poesi
1550 2143 1916 2210 dicuntur.
1971 2140 2153 2208 Fieri
2200 2141 2397 2209 enim
2438 2141 2678 2226 potuit
2726 2145 2805 2207 ut

559 2256 1014 2338 GuillelmuS,
1079 2278 1248 2326 cum
1311 2260 1397 2326 de
1464 2258 1673 2326 bonis
1740 2257 2067 2324 moribus
2128 2273 2417 2343 semper
2480 2261 2795 2334 curaret,

559 2380 800 2460 aperte
828 2374 1262 2441 sententiam
1296 2393 1505 2441 suam
1532 2376 1618 2441 de
1660 2373 1783 2467 illa
1813 2391 1889 2440 re
1929 2372 2295 2439 declarare
2320 2371 2665 2441 noluerit.

651 2490 1023 2559 Praeterea
1062 2509 1318 2558 causas
1359 2490 1547 2558 inter
1587 2509 1663 2557 se
1702 2487 2110 2576 persimiles
2141 2486 2558 2574 disjungere
2598 2487 2804 2556 vide-

561 2726 733 2791 esset‚
758 2727 817 2780 et
838 2741 952 2794 quo
977 2723 1229 2794 quisque
1250 2722 1468 2778 melius
1490 2726 1549 2778 et
1570 2721 1749 2778 citius
1772 2722 2043 2793 quodque
2069 2739 2281 2795 poema
2305 2721 2559 2778 recitare
2582 2726 2801 2793 posset,

556 2813 625 2864 ut
656 2809 908 2879 quisque
938 2809 1001 2864 in
1033 2808 1340 2864 recitando
1380 2807 1744 2877 legendoque
1782 2823 1844 2863 se
1882 2807 2226 2876 oblectaret,
2260 2812 2318 2863 et
2360 2808 2613 2878 pulchre
2641 2807 2805 2863 dicta

559 2893 795 2949 audiret
825 2910 894 2948 ac
932 2892 1207 2956 disceret,
1250 2895 1557 2962 praeterea
1597 2895 1665 2946 ut
1703 2907 1807 2960 per
1846 2891 2153 2947 modulata
2190 2895 2248 2947 et
2286 2891 2488 2947 dulcia
2530 2891 2805 2947 carmina

564 2977 816 3048 quisque
846 2978 1043 3033 alacer
1072 2980 1251 3046 atque
1281 2977 1473 3031 laetus
1502 2976 1688 3043 fieret,
1723 3005 1788 3014 —
1826 2978 1989 3041 (nam
2030 2976 2245 3046 gaudio
2275 2980 2333 3031 et
2361 2975 2600 3032 laetitia
2628 2993 2803 3032 curae

559 3078 734 3133 saepe
756 3064 1056 3129 levantur,
1083 3066 1141 3117 et
1162 3060 1213 3116 is
1236 3060 1568 3131 quemlibet
1588 3060 1848 3116 laborem
1874 3061 2114 3117 facilius
2141 3063 2256 3117 fert
2278 3061 2378 3131 qui
2400 3077 2462 3116 se
2480 3061 2803 3132 aliquoties

556 3146 926 3216 jucunditati
959 3150 1017 3201 et
1047 3145 1262 3215 gaudio
1288 3145 1411 3210 dat,
1447 3161 1585 3199 nam
1618 3144 1669 3199 is
1700 3145 1961 3200 laborem
1996 3162 2186 3215 neque
2215 3145 2369 3215 fugit
2398 3161 2589 3215 neque
2620 3145 2799 3201 decli-

557 3235 664 3287 nat
708 3231 811 3300 qui
857 3247 918 3287 se
959 3230 1221 3285 oblectat
1267 3246 1380 3299 quo
1424 3229 1687 3284 laborem
1730 3229 1969 3284 facilius
2014 3232 2187 3295 ferat)
2220 3259 2285 3267 —
2325 3245 2476 3284 neve
2518 3230 2657 3300 quis
2700 3245 2802 3301 per

558 3314 855 3371 desidiam
887 3314 951 3369 111
983 3319 1294 3385 peccatum
1327 3317 1431 3368 aut
1460 3313 1524 3367 in
1560 3312 1783 3369 vitium
1814 3312 2128 3381 incideret,
2161 3317 2219 3368 et
2250 3317 2315 3369 ut
2342 3313 2595 3383 quisque
2624 3329 2799 3369 suum

558 3398 824 3454 studium
860 3403 918 3454 et
959 3400 1334 3453 voluntatem
1367 3397 1671 3452 declarare
1710 3401 1768 3452 et
1806 3397 2139 3468 exprimere
2178 3401 2372 3469 posset
2413 3397 2797 3468 auderemus,

555 3480 714 3551 quod
747 3483 897 3536 forte
927 3480 1050 3535 alia.
1078 3480 1182 3534 via
1212 3481 1402 3535 facere
1430 3496 1549 3533 non
1581 3484 1776 3549 posset
1805 3485 1909 3534 aut
1939 3497 2055 3534 11011
2086 3480 2330 3536 auderet
2358 3496 2371 3548 ;
2414 3497 2553 3535 nam
2586 3480 2798 3537 carmi-

556 3565 651 3620 nis
695 3564 892 3635 specie
941 3565 1218 3620 involuta
1265 3565 1461 3618 multa
1503 3565 1687 3619 verba
1732 3565 1973 3634 placent
2016 3581 2167 3635 quae
2208 3564 2484 3620 resolutis
2526 3565 2799 3621 versibus

561 3647 972 3719 displicerent.
1001 3649 1274 3704 Fortasse
1294 3652 1353 3703 et
1382 3648 1516 3703 ideo
1546 3648 1762 3718 (poesis
1792 3648 2043 3704 inventa
2072 3651 2182 3714 est)
2209 3666 2321 3719 quo
2347 3648 2585 3705 brevior
2612 3649 2799 3706 oratio

558 3735 746 3800 fleret,
781 3750 916 3788 nam
953 3732 1053 3803 qui
1085 3732 1312 3803 poesim
1345 3734 1526 3788 callet
1556 3731 1795 3788 brevius
1821 3733 2092 3788 versibus
2119 3750 2296 3803 quam
2327 3734 2451 3789 ullo
2479 3734 2601 3790 alio
2627 3734 2797 3791 modo

557 3817 816 3888 cogitata
859 3817 1179 3888 eloquitur.
1231 3819 1504 3872 Fortasse
1544 3816 1726 3872 etiam
1771 3821 2082 3888 propterea
2129 3818 2403 3884 (inventa
2443 3823 2533 3874 est
2581 3819 2795 3890 poesis)

556 3902 710 3973 quod
753 3907 1045 3958 concentu
1076 3902 1259 3957 verba
1297 3901 1516 3956 melius
1547 3919 1725 3971 quam
1766 3903 1893 3957 ulla
1930 3903 2052 3957 alia
2080 3902 2183 3958 via.
2212 3903 2560 3969 (memoriae
2590 3902 2645 3971 ‘?)
2676 3907 2796 3960 tra-

558 3988 784 4042 duntur
816 4016 880 4025 —
913 3986 1185 4052 (verbum
1217 4003 1279 4040 se
1312 3988 1700 4059 transportat*
1738 3985 1838 4043 hic
1867 3986 2294 4042 subobscurum
2325 3986 2495 4042 nobis
2531 3988 2796 4054 videtur)

557 4102 621 4111 -—
654 4076 712 4127 et
748 4071 901 4141 quod
935 4071 1152 4126 melius
1183 4070 1412 4125 dinosci
1455 4073 1647 4140 potest
1677 4067 1879 4124 utrum
1911 4069 2198 4124 vitiosum
2240 4071 2319 4126 sit
2347 4087 2493 4142 opus
2522 4088 2734 4128 necne.
2766 4086 2794 4124 1)

556 4157 624 4224 (Ι,
657 4173 715 4227 p.
748 4155 860 4222 10).
892 4156 1156 4212 Verbum
1199 4153 1413 4211 enneia
1444 4153 1615 4209 nobis
1655 4153 1924 4224 ignotum
1958 4153 2202 4224 quidem
2243 4171 2367 4211 esse
2396 4155 2791 4213 confitemur:

555 4241 657 4297 sed
687 4240 870 4297 verba
898 4238 1243 4313 defectuosa
1273 4243 1331 4294 et
1360 4237 1575 4294 enneia
1600 4237 1759 4294 inter
1783 4255 1844 4294 se
1873 4238 2145 4310 opposita.
2174 4256 2300 4296 esse
2329 4239 2537 4311 liquet.
