2894 4999
1566 439 1920 514 —58—
2877 463 2880 592 Ι

623 635 824 720 dum,
849 644 1232 728 postquam
1250 660 1573 710 amorem
1598 643 1687 710 ab
1703 642 1905 710 omni
1922 641 2117 730 turpi
2133 643 2526 730 cupiditate
2542 661 2821 712 vacuum
2877 633 2880 712 ,Ϊ

625 755 1086 840 praedicavit,
1141 757 1453 826 affirmat
1504 761 1871 827 neminem
1916 778 2002 826 ex
2042 760 2349 846 egregiis
2395 760 2821 829 Australibus
2877 781 2880 816 2

623 871 854 957 poetis
917 891 1241 959 unquam
1299 874 1376 942 in
1437 893 1659 960 prava
1723 875 2019 944 libidine
2081 875 2363 943 tuisse:
2425 876 2584 945 vult
2637 877 2823 963 igitur
2877 829 2880 974 ἒ

621 993 898 1056 ceteros
951 989 1207 1058 docere
1263 1009 1297 1054 (ι
1342 1009 1471 1077 per
1508 991 1679 1076 qual
1734 992 2059 1060 maniera
2109 992 2345 1060 devon
2396 1012 2601 1060 amar
2650 999 2715 1061 et
2753 995 2823 1060 ab
2877 983 2880 1070 ξ

627 1102 846 1192 [qual]
882 1106 1364 1174 entendemen
1389 1125 1428 1175 e
1468 1107 1555 1174 de
1582 1108 1751 1193 qual
1784 1126 2011 1186 amor,
2056 1127 2179 1176 e...
2225 1108 2549 1176 refrenat
2584 1109 2689 1178 los
2710 1110 2823 1177 tols
2878 1076 2882 1140 ³

619 1240 656 1287 a
666 1222 1003 1306 ymadors
1029 1241 1090 1292 e.
1105 1274 1148 1289 ..
1172 1228 1368 1292 ostar
1391 1223 1540 1290 lors
1560 1224 1765 1290 avols
1785 1241 2031 1292 amors
2052 1242 2091 1290 e
2113 1222 2263 1291 lors
2288 1225 2495 1292 avols
2514 1225 2821 1292 deziriers

619 1337 725 1406 els
764 1338 1099 1406 dezonetz
1147 1357 1596 1408 movemens.
1642 1338 1833 1419 Quar
1878 1340 2119 1426 degun
2168 1344 2403 1426 temps
2456 1341 2676 1408 lunhs
2719 1342 2825 1408 bos

619 1453 996 1522 trobadors
1027 1474 1168 1542 que
1207 1456 1312 1522 sia
1351 1461 1572 1523 estatz
1614 1456 1775 1524 lials
1814 1432 2285 1542 amayres'no
2322 1455 2729 1524 s’entendec
2752 1476 2823 1524 en

618 1569 781 1636 avol
821 1589 1028 1640 amor
1057 1571 1130 1637 ni
1169 1589 1259 1638 en
1287 1572 1621 1640 dezonest
1649 1572 2007 1640 dezirier'.
2044 1593 2075 1638 »
2877 1491 2882 1620 1

707 1683 806 1752 Ne
831 1691 1072 1753 autem
1106 1687 1377 1754 mirum
1406 1688 1738 1756 videatur
1766 1687 2237 1756 Guillelmum
2270 1688 2365 1756 ita
2395 1690 2825 1757 contendisse

619 1805 902 1869 tantum
965 1803 1310 1888 pudicum
1377 1822 1705 1872 amorem
1771 1803 2233 1873 Australibus
2299 1804 2531 1892 poetis
2596 1811 2822 1874 notum
2880 1793 2882 1880 J

617 1916 863 1994 tuisse,
937 1922 1214 2002 oportet
1283 1919 1841 1988 meminerimus
1904 1919 2039 1988 hos
2104 1938 2427 1988 amorem
2495 1921 2823 2007 originem

616 2033 946 2100 omnium
979 2033 1334 2102 virtutum
1376 2035 1742 2102 habuisse.
1789 2035 2035 2121 Igitur,
2072 2054 2242 2104 cum
2281 2043 2610 2104 amantes
2644 2055 2823 2104 amo-
2878 2047 2882 2072 ⁴

615 2148 720 2215 ris
760 2148 990 2236 ipsius
1022 2150 1091 2217 vi
1133 2151 1469 2218 meliores
1509 2151 1665 2218 fieri
1704 2157 1915 2218 antea
1943 2153 2433 2230 crederentur,
2472 2153 2661 2219 hanc
2688 2151 2822 2237 opi-
2880 2201 2882 2232 2

616 2265 907 2333 nionem
938 2285 1106 2352 prae
1139 2285 1214 2334 se
1239 2267 1425 2334 ferre
1454 2273 1727 2352 poterat
1756 2267 2178 2335 Molinarius
2212 2271 2287 2334 ut
2328 2267 2526 2334 illam
2556 2273 2823 2336 senten·

615 2380 788 2447 tiam
853 2383 940 2449 de
1003 2382 1248 2467 lyricis
1312 2384 1837 2468 pronuntiaret.
1896 2383 2414 2451 Verumtamen
2476 2384 2822 2450 Australes

616 2497 880 2585 lyricos
913 2518 1170 2567 sensus
1211 2505 1278 2568 et
1318 2501 1642 2568 carmina
1684 2502 1773 2568 ad
1812 2502 2039 2568 bonas
2070 2507 2259 2567 artes
2292 2519 2669 2586 nunquam
2700 2518 2820 2567 non

612 2616 1276 2685 accommodavisse
1328 2617 1761 2685 confirmare
1820 2618 2128 2684 arduum
2184 2622 2359 2684 erat.
2418 2614 2590 2696 Quis
2650 2615 2819 2684 enim

613 2731 878 2817 lyricos
904 2731 1236 2799 dominas
1266 2733 1601 2800 laudibus
1627 2734 1988 2800 efferendo
2019 2737 2301 2800 tantum
2331 2732 2582 2801 virtuti
2611 2732 2822 2799 indul·
2881 2764 2884 2827 3

615 2848 794 2915 sisse
859 2848 1114 2915 merito
1163 2847 1705 2916 contenderet?
1756 2847 2090 2915 Attamen
2161 2849 2297 2916 hoc
2350 2850 2821 2916 demonstrare
2881 2832 2884 2913 ἶ

612 2969 918 3030 conatur
943 2963 1365 3031 Molinarius
1393 2964 1466 3029 in
1496 2965 1809 3049 quadam
1836 2964 2073 3050 operis
2100 2968 2325 3050 parte,
2362 2983 2505 3050 qua
2532 2982 2674 3031 non
2704 2962 2819 3029 alia
2881 2958 2884 3027 f

613 3080 793 3146 torte
849 3078 1147 3163 majoris
1200 3084 1308 3146 est
1368 3079 1741 3158 momenti,
1798 3085 1875 3146 ut
1930 3097 2149 3164 quam
2198 3079 2664 3147 vehementer
2719 3076 2821 3143 ille
2882 3076 2884 3079 ⁴

611 3194 1034 3263 amatoriam
1102 3195 1376 3279 poesim
1440 3213 1609 3262 cum
1671 3194 1881 3261 bonis
1944 3194 2271 3265 moribus
2336 3194 2541 3279 jungi
2603 3192 2822 3279 cupiat
2882 3228 2884 3285 1

611 3310 1114 3397 perspiciatur.
1188 3310 1492 3390 Etenim,
1550 3329 1718 3378 cum
1787 3329 1919 3377 cur
1985 3310 2193 3395 lyrici
2256 3310 2330 3376 in
2396 3309 2820 3377 carminibus
2881 3398 2884 3407 .

609 3425 916 3492 feminas
945 3426 1357 3510 praedicare
1384 3426 1661 3493 soleant
1689 3426 1990 3510 quaerit,
2019 3426 2106 3493 de
2133 3427 2269 3492 hac
2294 3444 2369 3492 re
2396 3425 2492 3491 ita
2519 3422 2815 3491 disserit:
2881 3450 2884 3523 j

701 3560 734 3604 «
787 3540 879 3608 La
912 3560 1128 3609 canza
1166 3558 1293 3626 per
1324 3559 1463 3625 que
1496 3541 1663 3607 hom
1708 3560 1750 3608 a
1776 3544 2182 3607 acostumat
2212 3546 2462 3608 cantar
2500 3541 2587 3608 de
2617 3541 2820 3607 donas
2882 3586 2884 3589 ι

608 3657 667 3724 si
713 3676 789 3725 es
834 3662 1130 3743 aquesta
1167 3674 1181 3723 :
1227 3657 1487 3742 que„si
1520 3675 1596 3723 es
1638 3656 1941 3742 pincela,
1980 3674 2021 3722 o
2061 3662 2266 3723 autra
2308 3675 2447 3742 que
2495 3675 2637 3726 non
2676 3653 2884 3739 haja-¹

675 3931 728 3988 1.
772 3933 994 3988 Docere
1034 3946 1064 3985 (t
1094 3948 1211 4002 qua
1239 3930 1491 3996 ratione,
1526 3948 1639 4001 quo
1677 3930 1881 3987 animo
1910 3948 2102 4001 quove
2140 3948 2339 3987 amore
2382 3932 2462 3987 sit:
2492 3930 2817 3993 amandum,

606 4020 664 4072 et
672 4058 779 4071 .....
815 4018 1112 4071 refrena-re
1152 4033 1246 4071 eos
1287 4016 1388 4085 qui
1429 4016 1640 4071 insano
1680 4032 1878 4071 amore
1918 4015 2238 4086 capiuntur
2268 4020 2325 4072 et
2363 4016 2596 4072 eosdem
2637 4012 2819 4085 pravis
2882 4078 2884 4095 ἓ

605 4100 929 4168 amor-ihm,
952 4101 1156 4172 pravis
1182 4100 1638 4171 cupiditatibu8‚
1662 4100 1995 4157 inhonestis
2024 4100 2216 4155 animi
2250 4100 2510 4157 motibus
2540 4099 2816 4171 expedire.

603 4185 930 4256 Nunquam
955 4186 1116 4241 enim
1139 4186 1298 4241 inter
1319 4186 1500 4241 bonos
1522 4187 1741 4256 lyricos
1767 4185 1919 4241 fidus
1944 4202 2154 4241 amans
2180 4185 2416 4242 exstitit,
2437 4186 2540 4256 qui
2569 4203 2628 4241 se
2655 4200 2820 4255 pravo
2881 4188 2884 4237 ἲ

604 4271 792 4337 amori
825 4269 1250 4331 inhonestaeve
1280 4269 1601 4351 cupiditati
1632 4270 1950 4336 dediderit.
1980 4285 2009 4325 »
2052 4271 2178 4339 (111,
2208 4286 2265 4353 p.
2299 4270 2447 4344 360).
2882 4276 2884 4285 '
