2894 4999
989 424 1344 500 *49—

81 624 436 716 Raimundi
474 627 727 695 Vitalis
769 628 1099 709 virtutes,
1145 630 1369 716 hujus
1410 648 1595 716 opus
1648 629 1972 698 imitatus
2011 636 2120 699 est
2158 632 2283 700 aut

79 744 148 810 de
170 744 432 811 eisdem
464 745 682 812 rebus
710 744 945 813 fusius
973 746 1328 814 disserere
1355 746 1668 814 instituit
1698 768 1715 827 ;
1750 747 1887 815 sub
1914 747 2106 815 idem
2137 747 2283 816 fere

80 864 357 945 tempus,
403 859 888 947 Hieronymus
927 860 1539 948 Terramagninus
1580 862 1884 930 Pisanus
1925 862 1999 929 in
2044 882 2075 927 «
2108 866 2283 930 Doc-

79 970 237 1040 trina
279 971 354 1041 de
387 976 574 1043 Cori*
617 996 648 1041 ))
694 975 1081 1045 Raimundi
1113 976 1364 1045 Vitalis
1396 996 1580 1063 opus
1614 979 1947 1047 versibus
1992 979 2281 1047 «invita

81 1088 365 1159 Minerva
410 1112 442 1156 »
507 1091 904 1160 mandavit.
978 1092 1298 1178 Denique
1359 1097 1593 1161 exstat
1651 1094 1738 1161 de
1794 1099 1946 1162 arte
2005 1095 2282 1182 poetica

81 1203 332 1274 libellus
365 1207 686 1294 quidam,
721 1208 844 1293 qui
875 1207 1298 1277 inscribitur
1341 1227 1373 1271 «
1404 1206 1732 1275 Doctrina
1764 1206 1845 1277 de
1876 1208 2284 1297 comportare

81 1318 340 1402 (ἠοίων,
379 1343 412 1388 n
448 1323 524 1390 in
550 1342 693 1409 quo
720 1325 808 1392 de
839 1324 1153 1394 sedecim
1185 1324 1484 1410 poeticis
1515 1325 1902 1410 generibus
1929 1308 2285 1395 nonnulla

84 1438 612 1525 praecipiuntur.
645 1437 1072 1526 Quanquam
1102 1440 1299 1507 hunc
1324 1440 1542 1507 etiam
1572 1439 2065 1508 Raimundum
2093 1440 2283 1509 Vita-

84 1553 196 1620 lem
233 1555 607 1641 scripsisse
647 1559 903 1641 putant
945 1555 1282 1623 nonnulli
1330 1555 1885 1635 existimatoreS‚
1935 1557 2117 1625 nihil
2170 1562 2279 1626 est

83 1686 184 1735 cur
205 1670 386 1739 hanc
414 1671 848 1738 sententiam
879 1671 1338 1756 sequamur³.
1382 1670 1585 1740 Certe
1615 1672 1755 1740 hoc
1783 1690 1969 1759 opus
1998 1691 2087 1741 ex
2120 1672 2281 1742 Rai-

85 1786 300 1852 mundi
322 1786 507 1853 libro
534 1791 777 1853 ortum
807 1791 915 1854 est
947 1804 962 1853 ε
1007 1786 1198 1855 idem
1229 1792 1297 1855 et
1336 1788 1424 1855 de
1454 1787 1709 1855 ceteris
1740 1786 1881 1855 dici
1919 1793 2177 1874 potest.

153 1900 273 1968 Sed
299 1906 582 1969 tantum
608 1902 808 1969 abest
836 1907 913 1970 ut
939 1902 1075 1969 ista
1103 1920 1319 1988 opera
1359 1921 1445 1970 ex
1482 1902 1870 1970 Raimundi
1911 1903 2094 1971 libro
2121 1908 2277 1971 orta

87 2014 223 2084 huic
256 2015 328 2083 in
357 2035 588 2103 aequo
621 2017 790 2103 poni
819 2017 1122 2103 possint,
1157 2022 1233 2084 ut
1263 2035 1351 2084 ne
1383 2017 1533 2084 ulla
1561 2017 1855 2104 quidem
1881 2017 2150 2119 judicia
2189 2019 2279 2085 ad

87 2136 292 2215 poetas
330 2137 453 2200 aut
483 2132 574 2199 ad
599 2137 830 2200 artem
861 2132 1295 2218 pertinentia
1326 2133 1402 2199 in
1440 2132 1545 2200 eis
1577 2132 1895 2218 reperias
1932 2151 1946 2199 :
1992 2137 2278 2201 tantum

87 2245 268 2331 igitur
294 2249 470 2317 haec
495 2247 654 2316 ideo
683 2248 1449 2328 commemoravimuS,
1483 2248 1653 2333 quia
1680 2248 2068 2315 Raimundi
2099 2246 2281 2315 vita-

88 2358 156 2427 lis
206 2380 378 2449 opus
439 2363 588 2450 jam
649 2368 809 2433 tum
848 2364 1184 2431 meritam
1242 2364 1535 2432 laudem
1588 2368 2064 2432 consecutum
2120 2381 2280 2431 esse

89 2480 426 2549 testantur.

139 2717 182 2774 1.
219 2720 324 2777 Ed.
349 2736 384 2778 a
406 2722 484 2778 P.
515 2719 730 2794 Meyer·
749 2721 818 2778 in
841 2719 1176 2788 Romania,
1209 2721 1376 2789 vm,
1405 2735 1464 2791 p.
1497 2720 1759 2776 181-211.

139 2828 182 2887 2.
217 2831 321 2890 Ed.
352 2833 486 2890 aP.
519 2832 734 2906 Meyer·
756 2831 822 2888 in
849 2830 1184 2896 Romania,
1220 2833 1324 2900 VI,
1355 2848 1457 2904 pp.
1486 2831 1591 2888 355
1620 2836 1679 2888 et
1708 2849 1795 2902 sq.

142 2939 186 2996 3.
219 2943 466 3000 Auctore
483 2943 690 3000 Paulo
709 2943 925 3014 Meyer·
943 2945 1056 3002 hoc
1074 2942 1366 2999 dicimus:
1405 2960 1465 2998 v.
1490 2940 1823 3007 Romania,
1861 2941 1968 3010 V1,
1999 2957 2057 3013 p.
2091 2939 2276 2998 353-5.
