2894 4999
1507 405 1859 472 ..-10.-..

569 600 722 686 suis
769 601 1378 687 exspectationem
1426 604 1757 672 omnium
1806 603 2251 672 commoveri
2302 602 2531 670 aiunt.
2598 601 2819 692 Nam.

567 735 734 782 cum
795 717 937 784 illis
992 718 1439 802 temporibus
1500 737 1645 787 non
1698 720 1950 787 eodem
2007 719 2220 786 modo
2268 736 2410 804 quo
2464 735 2686 784 nunc
2736 717 2780 784 d

567 832 986 900 hominibus
1073 835 1401 963 proprias
1487 835 1737 902 laudes
1824 835 2404 922 praedicantibus
2489 831 2815 919 judicar'

569 1185 940 1264 poetarum
1010 1182 1383 1268 ingenium
1444 1189 1633 1251 recte
1696 1184 2220 1251 dinoscendum
2289 1182 2554 1258 valent,
2630 1181 2817 1248 dum

567 1295 736 1363 huic
777 1298 877 1364 rei
919 1299 1156 1365 solum
1200 1300 1615 1367 testimonio
1655 1304 1847 1378 sunt,
1895 1299 2076 1366 illud
2119 1319 2151 1363 «
2187 1317 2415 1396 genus
2446 1295 2822 1365 irritabile

497 1395 503 1400 ’
569 1417 817 1480 vatum
854 1435 885 1478 »
916 1420 982 1481 et
1014 1433 1044 1477 «
1081 1416 1477 1501 gloriosum
1520 1435 1749 1502 genus
1782 1437 1812 1480 »
1844 1415 2110 1483 rectius
2142 1414 2281 1482 dici
2311 1413 2584 1499 posse'.

657 1527 879 1614 Saepe
921 1531 1213 1615 quidem
1259 1531 1336 1598 fit
1379 1536 1457 1598 ut
1504 1533 1707 1618 lyrici
1750 1533 1822 1599 in
1871 1532 2101 1617 prima
2143 1529 2549 1602 carminum
2597 1533 2825 1614 parte

567 1643 873 1712 libenter
912 1665 1025 1714 res
1067 1648 1154 1714 ad
1195 1648 1471 1715 litteras
1521 1649 1960 1734 pertinentes
2010 1647 2361 1732 attingere
2407 1651 2475 1713 et
2514 1645 2602 1712 de
2658 1650 2823 1712 arte

568 1779 697 1827 sua
725 1761 1075 1830 disserere
1103 1764 1172 1830 in
1203 1764 1449 1831 animo
1480 1765 1742 1832 habere
1771 1765 2151 1831 videantur
2183 1782 2196 1829 :
2243 1762 2367 1830 sed
2394 1780 2561 1829 mox
2596 1762 2699 1828 ad
2734 1780 2825 1828 ea

568 1895 749 1960 quae
791 1879 1077 1964 proprie
1118 1886 1286 1948 sunt
1328 1881 1612 1965 generis
1645 1880 1960 1965 suscepti
1992 1879 2315 1946 converti
2356 1877 2663 1944 solent'.
2716 1877 2825 1944 De

487 2045 494 2052 .
567 2011 709 2059 una
770 1999 1011 2062 tamen
1071 1997 1490 2081 quaestione
1548 1996 2000 2082 gravissima,
2033 1989 2230 2080 'quae
2279 1995 2368 2062 ad
2426 1993 2821 2084 propriam

533 2091 922 2176 ‘Australis
955 2112 1188 2196 poesis
1223 2117 1558 2179 naturam
1591 2112 1864 2189 attinet,
1903 2111 2310 2178 accuratius
2342 2129 2379 2176 a
2421 2109 2820 2176 nonnullis

566 2223 811 2308 lyricis
865 2226 1344 2312 disceptatum
1394 2232 1525 2294 est.
1581 2227 1712 2294 Eos
1761 2232 2002 2294 autem
2054 2227 2247 2292 locos
2298 2223 2819 2310 significamus

567 2339 830 2423 quibus
881 2348 1128 2426 poetae
1169 2344 1254 2409 de
1296 2349 1444 2410 arte
1488 2344 1867 2410 obscurius
1918 2341 2277 2409 scribendi
2335 2339 2815 2428 (Provinciali

566 2473 899 2525 sermone
927 2455 1162 2525 trobar
1186 2456 1354 2544 clus)
1381 2459 1600 2527 locuti
1629 2465 1797 2527 sunt
1828 2481 1843 2539 ;
1882 2477 2063 2544 quae
2091 2477 2205 2524 res
2234 2457 2549 2543 profecto
2576 2455 2817 2542 digna

566 2571 848 2639 videtur
889 2593 1070 2659 quae
1119 2594 1247 2642 nos
1289 2576 1623 2653 detineat,
1669 2594 1835 2642 cum
1880 2593 2005 2660 per
2046 2593 2120 2641 se
2162 2575 2314 2659 ipsa
2363 2572 2664 2638 maximi
2713 2572 2818 2640 sit

633 2829 684 2883 1.
719 2830 1192 2888 Innumerabilia
1222 2835 1497 2903 exempla
1527 2851 1661 2887 eum
1686 2832 1893 2887 afferre
1920 2831 2235 2903 possimuS‚
2260 2829 2321 2884 id
2348 2833 2549 2885 tamen
2582 2844 2813 2898 parum

561 2913 711 2967 utile
739 2916 908 2971 nobis
929 2916 1187 2973 videtur.
1213 2920 1288 2973 V.
1314 2936 1372 2972 v.
1397 2936 1451 2988 g.
1478 2919 1768 2988 quomodo
1795 2918 1868 2971 dc
1889 2934 1949 2971 se
1980 2916 2162 2971 locuti
2190 2915 2312 2969 sint
2335 2916 2548 2969 Petrus
2568 2913 2812 2969 Vitalis

563 2998 857 3069 (Ajostar
897 3018 926 3055 e
970 3002 1174 3055 lassat·
1203 3020 1260 3057 v.
1295 3004 1412 3057 1-5.
1447 3003 1536 3057 M.
1578 3003 1649 3057 G.
1683 3002 1771 3057 22.
1806 3019 1877 3055 ex
1908 3001 2035 3056 cod.
2071 3000 2162 3065 C),
2196 2998 2535 3054 Be1·nardus
2564 2998 2811 3053 Venta.-

561 3082 870 3139 dornensis
896 3085 1067 3150 (Non
1098 3104 1156 3141 es
1186 3087 1529 3141 met-(wellen
1548 3085 1694 3141 s’ieu
1721 3104 1836 3141 can
1856 3103 1914 3140 v.
1940 3086 2053 3139 1-4.
2077 3085 2151 3139 Ρ.
2184 3084 2282 3146 0.,
2309 3101 2364 3154 p.
2400 3082 2476 3148 3),
2502 3082 2811 3137 Geraldus

562 3167 968 3225 Borneliensis
1003 3171 1195 3237 (Nom
1231 3172 1401 3245 plats
1431 3171 1651 3226 olianta
1680 3169 1750 3224 cle
1789 3169 2091 3224 rossinlzol
2121 3186 2178 3223 v.
2213 3168 2300 3223 30.
2334 3167 2421 3221 Μ.
2464 3167 2535 3222 G.
2578 3165 2685 3221 860
2730 3183 2811 3221 ex

562 3254 688 3308 cod.
725 3253 815 3320 C),
852 3256 1227 3310 Raimundus
1267 3256 1338 3310 de
1381 3256 1704 3311 Miravalle
1751 3256 1872 3322 (De
1903 3255 2111 3313 trabat·
2140 3252 2205 3307 αἱ
2231 3254 2316 3306 tot
2352 3252 2547 3315 saber,
2581 3267 2639 3305 v.
2673 3251 2705 3305 1
2745 3256 2809 3307 et

561 3356 606 3393 S.
638 3356 692 3408 q.
725 3338 818 3393 M.
857 3340 926 3395 G.
963 3340 1086 3395 933.
1122 3358 1192 3395 ex
1224 3341 1350 3395 cod.
1379 3342 1479 3405 V),
1518 3340 1891 3395 Raimundus
1924 3338 2282 3394 Gaucelmus
2313 3334 2673 3391 Biterrensis
2710 3336 2803 3402 (A

549 3441 743 3497 penas
778 3442 928 3479 ταας
957 3443 1028 3479 en
1068 3426 1160 3479 loc
1201 3426 1393 3497 qu’om
1428 3443 1561 3479 nom
1597 3423 1813 3479 deman.
1843 3441 1901 3478 V.
1931 3422 2050 3478 1-6.
2086 3424 2159 3476 Ι).
2197 3422 2294 3487 0.,
2329 3438 2385 3491 p.
2420 3420 2567 3485 300),
2602 3419 2806 3475 Gaus-

563 3509 762 3563 fredus
826 3510 1116 3565 Rudellus
1186 3510 1519 3581 (Lanquan
1578 3510 1634 3563 lo
1704 3512 1885 3582 temps
1951 3506 2273 3562 renorellaea-
2328 3522 2385 3560 v,
2444 3503 2637 3559 55-58.
2698 3506 2799 3561 ed.

563 3592 908 3665 ,δ’ίίηιηῑίηῃ,
939 3611 995 3664 p.
1024 3594 1115 3659 59)
1148 3599 1307 3649 etc...

632 3704 684 3761 2.
735 3706 894 3760 Duos
942 3705 1344 3771 si1·ventesiOS‚
1397 3721 1647 3774 quorum
1697 3705 1848 3759 alter
1901 3722 1935 3758 a
1985 3702 2160 3757 Petro
2216 3702 2506 3766 Arve1·n0‚
2557 3701 2711 3755 alter
2765 3718 2805 3756 a

561 3791 856 3845 Monacho
883 3791 953 3845 de
976 3791 1370 3845 Montalduno
1397 3790 1471 3845 ad
1500 3789 1782 3859 quosdam
1812 3793 2011 3859 poetas
2040 3785 2409 3841 lacessendos
2432 3783 2803 3854 compositus

562 3880 668 3941 est,
708 3875 805 3929 hic
848 3875 1320 3930 laudavissemus
1353 3874 1468 3928 nisi
1512 3874 1575 3928 in
1608 3873 1853 3928 satiram
1886 3872 2223 3927 inciderent
2256 3888 2268 3925 :
2317 3886 2475 3924 nunc
2514 3871 2804 3939 pleraque

561 3960 624 4014 in
654 3960 746 4015 his
777 3960 1231 4015 immoderatius
1254 3961 1416 4015 dicta
1437 3964 1577 4014 sunt
1603 3976 1780 4027 quam
1805 3963 1870 4011 ut
1892 3957 2121 4011 eosdem
2149 3954 2566 4010 aestimatione
2587 3952 2805 4021 dignos

563 4045 905 4100 habeamus
941 4045 1104 4099 Petri
1137 4044 1526 4099 sirventesius
1556 4060 1591 4098 a
1612 4042 1825 4098 Carolo
1856 4039 2118 4095 Bartsch
2152 4039 2346 4093 editus
2373 4041 2461 4093 est
2490 4037 2552 4092 in
2582 4036 2804 4091 Chres-

563 4129 849 4185 tomatlzie
877 4129 1271 4195 Prorencale‚
1315 4146 1370 4199 p.
1404 4128 1495 4194 79,
1538 4126 1820 4183 Monachi
1865 4124 2254 4181 sirventesius
2292 4123 2367 4179 ab
2397 4122 2470 4178 O.
2502 4120 2685 4176 Klein
2726 4120 2799 4188 in

565 4230 594 4269 «
621 4212 1140 4312 ssssfhf12'²‹‘len·dsss
1170 4213 1444 4269 Moenclzs
1477 4230 1591 4268 con
1617 4209 2005 4270 Nlontaudon
2033 4224 2087 4277 »‚
2120 4225 2177 4289 p.
2204 4207 2294 4273 22.
2720 4203 2724 4207 ’

622 4304 735 4353 020⁹·
811 4324 857 4354 .-
892 4306 911 4325 ⁰
938 4304 957 4323 ⁰
1007 4298 1028 4345 2
1082 4299 1102 4347 ἶ
