2894 4999
1005 443 1360 533 —29-

100 659 540 727 disseruerint
569 660 961 745 quaeritur,
999 661 1133 727 hos
1168 660 1405 746 potius
1447 661 1684 745 poesis
1717 660 2055 745 speciem,
2089 661 2159 727 id
2190 661 2297 727 est

99 777 314 852 verba,
347 795 559 861 quam
591 795 703 843 res
745 777 1182 861 spectavisse
1215 782 1510 861 apparet
1544 795 1558 841 :
1604 778 1793 861 quod
1828 796 2041 843 nemo
2072 776 2299 843 admi-

101 892 369 971 rabitur,
397 911 562 959 cum
591 892 1075 960 provinciales
1103 893 1310 978 lyrici
1334 912 1479 959 non
1507 898 1647 959 tam
1678 893 1902 959 animi
1926 894 2298 960 aflectibus

103 1027 294 1093 quam
354 1008 699 1075 orationis
767 1013 834 1075 et
892 1009 1441 1077 versificationis
1500 1008 1890 1076 virtutibus
1959 1028 2296 1094 magnam

101 1123 358 1191 laudem
385 1124 756 1192 consecuti
785 1124 927 1191 sint
962 1143 974 1189 :
1012 1126 1097 1191 de
1125 1126 1262 1191 hoc
1288 1125 1507 1211 igitur
1534 1114 1723 1210 quod
1758 1126 2071 1192 maxime
2098 1144 2301 1193 cura-

101 1240 248 1307 bant
275 1242 729 1327 potissimum
757 1241 1334 1326 disputaverunt.
1361 1279 1449 1287 —
1470 1241 1557 1307 At
1586 1242 1781 1308 enim
1811 1242 1883 1308 in
1912 1260 1993 1308 eo
2020 1260 2300 1309 errasse

102 1357 407 1425 videntur
446 1357 640 1443 quod
681 1357 918 1442 poesis
959 1358 1270 1442 speciem
1314 1363 1597 1425 tantum
1639 1364 2169 1443 spectaverunt.
2215 1396 2303 1405 -

103 1473 224 1541 Hoc
247 1474 533 1559 quidem
562 1474 756 1540 haud
783 1473 1205 1541 infitiamur.
1241 1473 1376 1540 Sed
1411 1474 1485 1539 in
1515 1475 1669 1559 ipso
1696 1493 1938 1541 errore
1967 1476 2301 1542 nonnihil

105 1588 286 1657 laude
318 1591 626 1675 dignum
665 1608 822 1657 esse
867 1608 1275 1657 censemus.

176 1705 545 1792 Nunquam
580 1705 772 1772 enim
814 1706 1298 1773 Provinciales
1332 1706 1595 1791 lyricos
1628 1708 1723 1773 ita
1754 1708 2097 1775 orationis
2129 1726 2303 1775 cura

109 1821 554 1902 sollicitasset,
602 1822 742 1889 nisi
782 1824 880 1902 hi,
941 1823 1347 1889 admirabili
1403 1840 1533 1907 pro
1574 1823 1696 1888 illa
1736 1827 1961 1889 aetate
2015 1823 2302 1907 ingenio

108 1936 419 2020 instincti,
497 1940 762 2025 scripta
827 1945 1110 2006 tantum
1189 1939 1729 2006 accuratissime
1795 1939 2155 2007 elaborata
2231 1939 2304 2003 in

111 2054 314 2121 stabili
375 2055 590 2123 laude
652 2056 894 2123 futura
961 2074 1116 2122 esse
1184 2074 1616 2140 persuasum
1679 2055 2125 2121 habuissent.
2197 2054 2304 2121 Ad

111 2169 469 2238 obscurum
534 2175 777 2238 autem
844 2190 1072 2256 genus
1131 2170 1356 2238 nimia
1419 2171 1494 2238 in
1557 2171 1795 2238 verbis
1857 2170 2304 2256 expoliendis

111 2286 562 2355 sollicitudine
603 2292 773 2354 sunt
813 2288 1123 2355 deducti.
1484 2274 1490 2281 ’

180 2402 267 2470 Ne
303 2404 464 2489 quis
507 2422 677 2471 vero
721 2409 990 2471 temere
1029 2404 1304 2470 dictum
1354 2422 1511 2470 esse
1562 2408 1762 2488 putet
1815 2404 1979 2470 illos
2027 2421 2306 2470 errasse

111 2519 368 2602 quidem
400 2521 526 2587 sed
562 2521 651 2586 ad
683 2521 981 2587 meliora
1013 2521 1212 2587 nisos
1252 2521 1498 2599 fuisse,
1538 2521 2089 2588 meminerimus
2123 2539 2307 2606 quo-
2348 2501 2355 2506 ’

111 2634 292 2701 modo
321 2633 764 2702 Rambaldus
795 2634 1295 2702 Arausicensis
1329 2634 1401 2699 in
1433 2653 1654 2719 supra
1700 2634 1987 2700 laudata
2018 2640 2309 2702 conten-

109 2748 272 2816 tione
293 2751 685 2817 obscurum
707 2768 936 2835 genus
961 2755 1268 2816 tueatur.
1293 2749 1543 2817 Nonne
1566 2751 1760 2818 enim
1785 2769 1859 2816 se
1882 2755 2305 2818 contentum

112 2865 454 2948 profitetur
498 2885 529 2929 «
566 2863 935 2932 dummodo
976 2863 1056 2930 in
1085 2884 1159 2931 co
1200 2864 1383 2952 quod
1413 2864 1748 2952 optimum
1775 2863 1861 2931 sit
1891 2863 2175 2932 laboret¹
2218 2886 2249 2931 ))
2277 2866 2311 2932 7

113 2977 241 3047 Non
278 2983 514 3049 solum
564 2982 785 3067 igitur
829 2982 996 3066 quia
1046 2981 1504 3049 indoctorum
1545 2982 2137 3068 approbationem
2178 3001 2308 3067 pro

113 3096 307 3165 nihilo
333 3099 692 3166 ducebant
720 3099 1055 3166 nonnulli
1082 3099 1289 3183 lyrici
1317 3095 1699 3165 obscuram
1731 3099 2006 3184 poesim
2035 3099 2311 3184 praedi-

112 3212 359 3294 cabant,
419 3215 545 3282 sed
599 3214 815 3281 etiam
871 3215 1038 3299 quia
1098 3214 1363 3281 laboris
1418 3215 1722 3281 studiosi
1771 3221 1839 3281 et
1890 3214 2309 3300 proficiendi

112 3329 321 3413 cupidi
378 3335 607 3397 artem
668 3329 1169 3409 difficiliorem,
1235 3347 1376 3414 quo
1435 3331 1764 3396 eamdem
1820 3330 2309 3397 honestiorem

113 3443 484 3526 redderent,
529 3463 686 3513 esse
720 3445 1079 3513 volebant.
1124 3445 1392 3530 Itaque,
1433 3446 1767 3530 quamvis
1800 3445 1922 3511 illa
1964 3446 2143 3512 ratio
2184 3464 2312 3530 per

115 3573 174 3623 se
221 3560 490 3629 lubrica
544 3561 635 3628 sit
683 3566 751 3628 et
804 3561 1326 3628 nonnullorum
1381 3566 1757 3645 poetarum
1811 3561 2042 3627 famae
2097 3562 2311 3627 noxia

114 3670 320 3755 tuerit,
383 3677 634 3744 eadem
695 3683 939 3762 poetas
998 3677 1160 3743 illos
1220 3695 1509 3743 summa
1568 3677 2025 3744 observantia
2081 3682 2310 3744 artem

115 3805 294 3858 suam
320 3793 630 3860 coluisse
659 3812 790 3861 nec
820 3794 1091 3860 «limae
1126 3793 1424 3860 labore»
1457 3793 1767 3859 ostensos
1799 3793 2019 3860 fuisse
2048 3793 2311 3859 indicio

114 3911 222 3972 est.
250 3906 421 3976 Cum
449 3915 680 3976 cetera
708 3909 1270 3976 Provincialium
1304 3909 1501 3994 poesi
1532 3909 1921 3994 peculiaria
1951 3910 2020 3974 id
2052 3909 2311 3975 confir-

117 4029 310 4103 mant,
354 4031 512 4092 tum
563 4025 988 4110 praesertim
1040 4025 1201 4091 illae
1243 4025 1327 4091 de
1369 4025 1678 4091 obscuro
1730 4043 1988 4109 genere
2030 4025 2313 4109 discep-

116 4137 405 4208 tationes

173 4304 219 4359 1.
255 4309 327 4364 V.
360 4327 556 4381 supra,
590 4324 646 4385 p.
681 4309 768 4365 15.
