<?xml version="1.0" encoding="UTF-8"?>
<!DOCTYPE html PUBLIC "-//W3C//DTD XHTML 1.0 Transitional//EN"
    "http://www.w3.org/TR/xhtml1/DTD/xhtml1-transitional.dtd">
<html xmlns="http://www.w3.org/1999/xhtml" xml:lang="en" lang="en">
 <head>
  <title>
</title>
<meta http-equiv="Content-Type" content="text/html;charset=utf-8" />
  <meta name='ocr-system' content='tesseract 3.04.00' />
  <meta name='ocr-capabilities' content='ocr_page ocr_carea ocr_par ocr_line ocrx_word'/>
</head>
<body>
  <div class='ocr_page' id='page_1' title='image "./quaejudiciadeli01andrgoog_0084.png"; bbox 0 0 2894 4999; ppageno 0'>
   <div class='ocr_carea' id='block_1_1' title="bbox 0 0 60 4757">
    <p class='ocr_par' dir='ltr' id='par_1_1' title="bbox 0 0 60 4757">
     <span class='ocr_line' id='line_1_1' title="bbox 0 0 60 4757; baseline 0 0"><span class='ocrx_word' id='word_1_1' title='bbox 0 0 60 4757; x_wconf 95' lang='lat' dir='ltr'> </span> 
     </span>
    </p>
   </div>
   <div class='ocr_carea' id='block_1_2' title="bbox 1103 405 1553 500">
    <p class='ocr_par' dir='ltr' id='par_1_2' title="bbox 1103 405 1553 500">
     <span class='ocr_line' id='line_1_2' title="bbox 1103 405 1553 500; baseline -0.002 0"><span class='ocrx_word' id='word_1_2' title='bbox 1103 405 1553 500; x_wconf 38' lang='lat'>-79—-*</span> 
     </span>
    </p>
   </div>
   <div class='ocr_carea' id='block_1_3' title="bbox 99 625 2405 3611">
    <p class='ocr_par' dir='ltr' id='par_1_3' title="bbox 99 625 2399 1292">
     <span class='ocr_line' id='line_1_3' title="bbox 204 625 2396 714; baseline 0.001 -22"><span class='ocrx_word' id='word_1_3' title='bbox 204 625 463 694; x_wconf 87' lang='lat' dir='ltr'>Illum</span> <span class='ocrx_word' id='word_1_4' title='bbox 507 627 802 712; x_wconf 87' lang='lat' dir='ltr'>quidem</span> <span class='ocrx_word' id='word_1_5' title='bbox 842 629 915 694; x_wconf 89' lang='lat' dir='ltr'>in</span> <span class='ocrx_word' id='word_1_6' title='bbox 957 634 1164 714; x_wconf 88' lang='lat' dir='ltr'>poeta</span> <span class='ocrx_word' id='word_1_7' title='bbox 1201 627 1665 695; x_wconf 82' lang='lat' dir='ltr'>informando</span> <span class='ocrx_word' id='word_1_8' title='bbox 1706 647 2239 714; x_wconf 84' lang='lat' dir='ltr'>nonnunquam</span> <span class='ocrx_word' id='word_1_9' title='bbox 2281 625 2396 694; x_wconf 83' lang='lat' dir='ltr'>in·-</span> 
     </span>
     <span class='ocr_line' id='line_1_4' title="bbox 99 723 2398 829; baseline 0 -19"><span class='ocrx_word' id='word_1_10' title='bbox 99 748 440 810; x_wconf 84' lang='lat' dir='ltr'>certum</span> <span class='ocrx_word' id='word_1_11' title='bbox 495 723 836 810; x_wconf 88' lang='lat' dir='ltr'>habuisse</span> <span class='ocrx_word' id='word_1_12' title='bbox 890 745 1240 829; x_wconf 85' lang='lat' dir='ltr'>quidnam</span> <span class='ocrx_word' id='word_1_13' title='bbox 1298 744 1740 829; x_wconf 88' lang='lat' dir='ltr'>praeciperet</span> <span class='ocrx_word' id='word_1_14' title='bbox 1797 743 2253 812; x_wconf 85' lang='lat' dir='ltr'>confitemur.</span> <span class='ocrx_word' id='word_1_15' title='bbox 2322 745 2398 811; x_wconf 98' lang='lat' dir='ltr'>Id</span> 
     </span>
     <span class='ocr_line' id='line_1_5' title="bbox 101 859 2399 944; baseline 0 -18"><span class='ocrx_word' id='word_1_16' title='bbox 101 864 336 926; x_wconf 83' lang='lat' dir='ltr'>certe</span> <span class='ocrx_word' id='word_1_17' title='bbox 376 859 730 926; x_wconf 79' lang='lat' dir='ltr'>affirmari</span> <span class='ocrx_word' id='word_1_18' title='bbox 764 865 1016 944; x_wconf 84' lang='lat' dir='ltr'>potest,</span> <span class='ocrx_word' id='word_1_19' title='bbox 1064 859 1536 926; x_wconf 88' lang='lat' dir='ltr'>Guillelmum</span> <span class='ocrx_word' id='word_1_20' title='bbox 1568 860 1837 944; x_wconf 90' lang='lat' dir='ltr'>optime</span> <span class='ocrx_word' id='word_1_21' title='bbox 1868 861 1957 927; x_wconf 94' lang='lat' dir='ltr'>de.</span> <span class='ocrx_word' id='word_1_22' title='bbox 1994 861 2399 927; x_wconf 89' lang='lat' dir='ltr'>Provincia-</span> 
     </span>
     <span class='ocr_line' id='line_1_6' title="bbox 103 973 2391 1056; baseline 0.002 -16"><span class='ocrx_word' id='word_1_23' title='bbox 103 975 328 1041; x_wconf 90' lang='lat' dir='ltr'>lium</span> <span class='ocrx_word' id='word_1_24' title='bbox 389 973 802 1041; x_wconf 86' lang='lat' dir='ltr'>litterarum</span> <span class='ocrx_word' id='word_1_25' title='bbox 841 975 1287 1046; x_wconf 84' lang='lat' dir='ltr'>amatoribus</span> <span class='ocrx_word' id='word_1_26' title='bbox 1332 975 1679 1042; x_wconf 86' lang='lat' dir='ltr'>meritum</span> <span class='ocrx_word' id='word_1_27' title='bbox 1717 995 1897 1056; x_wconf 85' lang='lat' dir='ltr'>esse,</span> <span class='ocrx_word' id='word_1_28' title='bbox 1944 994 2112 1044; x_wconf 91' lang='lat' dir='ltr'>cum</span> <span class='ocrx_word' id='word_1_29' title='bbox 2155 995 2391 1055; x_wconf 89' lang='lat' dir='ltr'>nemo,</span> 
     </span>
     <span class='ocr_line' id='line_1_7' title="bbox 111 1089 2399 1176; baseline 0.001 -20"><span class='ocrx_word' id='word_1_30' title='bbox 111 1090 283 1156; x_wconf 86' lang='lat' dir='ltr'>nisi</span> <span class='ocrx_word' id='word_1_31' title='bbox 357 1089 487 1155; x_wconf 90' lang='lat' dir='ltr'>ille</span> <span class='ocrx_word' id='word_1_32' title='bbox 538 1092 732 1174; x_wconf 72' lang='lat' dir='ltr'>Leqes</span> <span class='ocrx_word' id='word_1_33' title='bbox 784 1090 1214 1175; x_wconf 78' lang='lat' dir='ltr'>scripsisset,</span> <span class='ocrx_word' id='word_1_34' title='bbox 1276 1091 1361 1156; x_wconf 95' lang='lat' dir='ltr'>de</span> <span class='ocrx_word' id='word_1_35' title='bbox 1416 1095 1744 1158; x_wconf 89' lang='lat' dir='ltr'>veterum</span> <span class='ocrx_word' id='word_1_36' title='bbox 1804 1092 2198 1176; x_wconf 81' lang='lat' dir='ltr'><strong>lyricorum</strong></span> <span class='ocrx_word' id='word_1_37' title='bbox 2249 1099 2399 1159; x_wconf 87' lang='lat' dir='ltr'>arte</span> 
     </span>
     <span class='ocr_line' id='line_1_8' title="bbox 107 1205 1032 1292; baseline -0.001 -20"><span class='ocrx_word' id='word_1_38' title='bbox 107 1207 371 1292; x_wconf 82' lang='lat' dir='ltr'>plane</span> <span class='ocrx_word' id='word_1_39' title='bbox 414 1205 737 1290; x_wconf 86' lang='lat' dir='ltr'>judicare</span> <span class='ocrx_word' id='word_1_40' title='bbox 768 1211 1032 1290; x_wconf 85' lang='lat' dir='ltr'>posset.</span> 
     </span>
    </p>

    <p class='ocr_par' dir='ltr' id='par_1_4' title="bbox 111 1319 2399 1870">
     <span class='ocr_line' id='line_1_9' title="bbox 217 1319 2398 1406; baseline 0.001 -18"><span class='ocrx_word' id='word_1_41' title='bbox 217 1321 449 1388; x_wconf 89' lang='lat' dir='ltr'>Adde</span> <span class='ocrx_word' id='word_1_42' title='bbox 475 1322 666 1406; x_wconf 92' lang='lat' dir='ltr'>quod</span> <span class='ocrx_word' id='word_1_43' title='bbox 695 1322 770 1388; x_wconf 88' lang='lat' dir='ltr'>in</span> <span class='ocrx_word' id='word_1_44' title='bbox 795 1319 1077 1406; x_wconf 64' lang='lat' dir='ltr'>Legibus</span> <span class='ocrx_word' id='word_1_45' title='bbox 1102 1322 1510 1388; x_wconf 88' lang='lat' dir='ltr'>maximum</span> <span class='ocrx_word' id='word_1_46' title='bbox 1532 1327 1599 1388; x_wconf 85' lang='lat' dir='ltr'>et</span> <span class='ocrx_word' id='word_1_47' title='bbox 1627 1322 1995 1390; x_wconf 89' lang='lat' dir='ltr'>sincerum</span> <span class='ocrx_word' id='word_1_48' title='bbox 2023 1323 2097 1389; x_wconf 89' lang='lat' dir='ltr'>in</span> <span class='ocrx_word' id='word_1_49' title='bbox 2124 1323 2398 1390; x_wconf 82' lang='lat' dir='ltr'>litteras</span> 
     </span>
     <span class='ocr_line' id='line_1_10' title="bbox 111 1437 2399 1523; baseline -0.001 -17"><span class='ocrx_word' id='word_1_50' title='bbox 111 1437 489 1506; x_wconf 85' lang='lat' dir='ltr'>studium</span> <span class='ocrx_word' id='word_1_51' title='bbox 540 1443 858 1522; x_wconf 83' lang='lat' dir='ltr'>apparet,</span> <span class='ocrx_word' id='word_1_52' title='bbox 907 1438 1001 1510; x_wconf 87' lang='lat' dir='ltr'>ita</span> <span class='ocrx_word' id='word_1_53' title='bbox 1045 1443 1119 1504; x_wconf 93' lang='lat' dir='ltr'>ut</span> <span class='ocrx_word' id='word_1_54' title='bbox 1163 1438 1437 1522; x_wconf 81' lang='lat' dir='ltr'>poesim</span> <span class='ocrx_word' id='word_1_55' title='bbox 1490 1438 2029 1523; x_wconf 85' lang='lat' dir='ltr'>religiosissime</span> <span class='ocrx_word' id='word_1_56' title='bbox 2070 1439 2399 1506; x_wconf 87' lang='lat' dir='ltr'>venerari</span> 
     </span>
     <span class='ocr_line' id='line_1_11' title="bbox 115 1553 2398 1640; baseline -0 -18"><span class='ocrx_word' id='word_1_57' title='bbox 115 1555 471 1639; x_wconf 83' lang='lat' dir='ltr'>scriptor</span> <span class='ocrx_word' id='word_1_58' title='bbox 520 1553 872 1621; x_wconf 89' lang='lat' dir='ltr'>videatur.</span> <span class='ocrx_word' id='word_1_59' title='bbox 919 1553 1063 1620; x_wconf 90' lang='lat' dir='ltr'>Hoc</span> <span class='ocrx_word' id='word_1_60' title='bbox 1111 1553 1259 1639; x_wconf 88' lang='lat' dir='ltr'>jam</span> <span class='ocrx_word' id='word_1_61' title='bbox 1308 1554 1382 1619; x_wconf 90' lang='lat' dir='ltr'>in</span> <span class='ocrx_word' id='word_1_62' title='bbox 1423 1555 1917 1640; x_wconf 79' lang='lat' dir='ltr'>cohortatione</span> <span class='ocrx_word' id='word_1_63' title='bbox 1966 1555 2316 1639; x_wconf 74' lang='lat' dir='ltr'>Juvenum</span> <span class='ocrx_word' id='word_1_64' title='bbox 2359 1575 2398 1621; x_wconf 88' lang='lat' dir='ltr'>a</span> 
     </span>
     <span class='ocr_line' id='line_1_12' title="bbox 113 1669 2399 1755; baseline -0.001 -17"><span class='ocrx_word' id='word_1_65' title='bbox 113 1670 552 1738; x_wconf 90' lang='lat' dir='ltr'>Guillelmo</span> <span class='ocrx_word' id='word_1_66' title='bbox 579 1670 762 1737; x_wconf 84' lang='lat' dir='ltr'>facta</span> <span class='ocrx_word' id='word_1_67' title='bbox 789 1669 1392 1736; x_wconf 89' lang='lat' dir='ltr'>animadvertitur</span> <span class='ocrx_word' id='word_1_68' title='bbox 1421 1688 1433 1735; x_wconf 93' lang='lat'><strong>:</strong></span> <span class='ocrx_word' id='word_1_69' title='bbox 1472 1669 1595 1736; x_wconf 89' lang='lat' dir='ltr'>illa</span> <span class='ocrx_word' id='word_1_70' title='bbox 1622 1670 1915 1754; x_wconf 86' lang='lat' dir='ltr'>quidem</span> <span class='ocrx_word' id='word_1_71' title='bbox 1945 1670 2399 1755; x_wconf 84' lang='lat' dir='ltr'>verba-digna</span> 
     </span>
     <span class='ocr_line' id='line_1_13' title="bbox 117 1785 1029 1870; baseline -0.003 -16"><span class='ocrx_word' id='word_1_72' title='bbox 117 1791 322 1854; x_wconf 88' lang='lat' dir='ltr'>sunt</span> <span class='ocrx_word' id='word_1_73' title='bbox 372 1804 559 1870; x_wconf 88' lang='lat' dir='ltr'>quae</span> <span class='ocrx_word' id='word_1_74' title='bbox 590 1785 980 1853; x_wconf 84' lang='lat' dir='ltr'>laudentur</span> <span class='ocrx_word' id='word_1_75' title='bbox 1017 1805 1029 1851; x_wconf 92' lang='lat'>:</span> 
     </span>
    </p>

    <p class='ocr_par' dir='ltr' id='par_1_5' title="bbox 121 1889 2399 2103">
     <span class='ocr_line' id='line_1_14' title="bbox 233 1889 2399 1984; baseline 0.001 -21"><span class='ocrx_word' id='word_1_76' title='bbox 233 1889 270 1964; x_wconf 74' lang='grc' dir='ltr'>ἑ(</span> <span class='ocrx_word' id='word_1_77' title='bbox 331 1899 656 1984; x_wconf 89' lang='lat' dir='ltr'>Aquesta</span> <span class='ocrx_word' id='word_1_78' title='bbox 690 1918 869 1984; x_wconf 84' lang='lat' dir='ltr'>gaya</span> <span class='ocrx_word' id='word_1_79' title='bbox 901 1899 1181 1966; x_wconf 90' lang='lat' dir='ltr'>sciensa</span> <span class='ocrx_word' id='word_1_80' title='bbox 1214 1899 1299 1966; x_wconf 90' lang='lat' dir='ltr'>de</span> <span class='ocrx_word' id='word_1_81' title='bbox 1328 1898 1571 1965; x_wconf 87' lang='lat' dir='ltr'>trobar</span> <span class='ocrx_word' id='word_1_82' title='bbox 1599 1898 1780 1964; x_wconf 87' lang='lat' dir='ltr'>lunh</span> <span class='ocrx_word' id='word_1_83' title='bbox 1823 1904 2057 1984; x_wconf 90' lang='lat' dir='ltr'>temps</span> <span class='ocrx_word' id='word_1_84' title='bbox 2089 1916 2221 1965; x_wconf 92' lang='lat' dir='ltr'>nos</span> <span class='ocrx_word' id='word_1_85' title='bbox 2253 1904 2399 1966; x_wconf 89' lang='lat' dir='ltr'>met</span> 
     </span>
     <span class='ocr_line' id='line_1_15' title="bbox 121 2015 2395 2103; baseline -0.002 -19"><span class='ocrx_word' id='word_1_86' title='bbox 121 2019 258 2084; x_wconf 88' lang='lat' dir='ltr'>nis</span> <span class='ocrx_word' id='word_1_87' title='bbox 280 2035 522 2103; x_wconf 88' lang='lat' dir='ltr'>pauza</span> <span class='ocrx_word' id='word_1_88' title='bbox 546 2035 636 2082; x_wconf 93' lang='lat' dir='ltr'>en</span> <span class='ocrx_word' id='word_1_89' title='bbox 659 2022 944 2101; x_wconf 85' lang='lat' dir='ltr'>coratge</span> <span class='ocrx_word' id='word_1_90' title='bbox 968 2015 1200 2081; x_wconf 90' lang='lat' dir='ltr'>d&#39;ome</span> <span class='ocrx_word' id='word_1_91' title='bbox 1223 2016 1382 2093; x_wconf 87' lang='lat' dir='ltr'>dur,</span> <span class='ocrx_word' id='word_1_92' title='bbox 1404 2015 1605 2092; x_wconf 88' lang='lat' dir='ltr'>rude,</span> <span class='ocrx_word' id='word_1_93' title='bbox 1631 2033 1825 2094; x_wconf 86' lang='lat' dir='ltr'>avar,</span> <span class='ocrx_word' id='word_1_94' title='bbox 1846 2015 2027 2094; x_wconf 84' lang='lat' dir='ltr'>enic,</span> <span class='ocrx_word' id='word_1_95' title='bbox 2050 2015 2122 2080; x_wconf 88' lang='lat' dir='ltr'>ni</span> <span class='ocrx_word' id='word_1_96' title='bbox 2146 2015 2279 2082; x_wconf 83' lang='lat' dir='ltr'>fals</span> <span class='ocrx_word' id='word_1_97' title='bbox 2297 2017 2339 2082; x_wconf 83' lang='lat'>¹.</span> <span class='ocrx_word' id='word_1_98' title='bbox 2364 2036 2395 2080; x_wconf 87' lang='lat'>»</span> 
     </span>
    </p>

    <p class='ocr_par' dir='ltr' id='par_1_6' title="bbox 122 2130 2398 2318">
     <span class='ocr_line' id='line_1_16' title="bbox 229 2130 2398 2216; baseline -0.002 -16"><span class='ocrx_word' id='word_1_99' title='bbox 229 2133 506 2200; x_wconf 85' lang='lat' dir='ltr'>Nonne</span> <span class='ocrx_word' id='word_1_100' title='bbox 555 2132 947 2216; x_wconf 89' lang='lat' dir='ltr'>quamdam</span> <span class='ocrx_word' id='word_1_101' title='bbox 1001 2131 1225 2196; x_wconf 89' lang='lat' dir='ltr'>animi</span> <span class='ocrx_word' id='word_1_102' title='bbox 1273 2131 1662 2196; x_wconf 88' lang='lat' dir='ltr'>elationem</span> <span class='ocrx_word' id='word_1_103' title='bbox 1720 2130 1843 2197; x_wconf 89' lang='lat' dir='ltr'>illa</span> <span class='ocrx_word' id='word_1_104' title='bbox 1897 2130 1983 2197; x_wconf 91' lang='lat' dir='ltr'>de</span> <span class='ocrx_word' id='word_1_105' title='bbox 2038 2132 2273 2216; x_wconf 89' lang='lat' dir='ltr'>poesis</span> <span class='ocrx_word' id='word_1_106' title='bbox 2329 2131 2398 2198; x_wconf 91' lang='lat' dir='ltr'>vi</span> 
     </span>
     <span class='ocr_line' id='line_1_17' title="bbox 122 2245 924 2318; baseline -0.005 0"><span class='ocrx_word' id='word_1_107' title='bbox 122 2249 492 2318; x_wconf 88' lang='lat' dir='ltr'>doctrina</span> <span class='ocrx_word' id='word_1_108' title='bbox 532 2249 846 2315; x_wconf 80' lang='lat' dir='ltr'>declarat</span> <span class='ocrx_word' id='word_1_109' title='bbox 886 2245 924 2314; x_wconf 72' lang='lat'>⁶?</span> 
     </span>
    </p>

    <p class='ocr_par' dir='ltr' id='par_1_7' title="bbox 122 2361 2402 3030">
     <span class='ocr_line' id='line_1_18' title="bbox 233 2361 2399 2448; baseline -0 -17"><span class='ocrx_word' id='word_1_110' title='bbox 233 2363 433 2431; x_wconf 88' lang='lat' dir='ltr'>Cum</span> <span class='ocrx_word' id='word_1_111' title='bbox 475 2363 589 2430; x_wconf 87' lang='lat' dir='ltr'>his</span> <span class='ocrx_word' id='word_1_112' title='bbox 629 2367 1040 2448; x_wconf 85' lang='lat' dir='ltr'>congruunt</span> <span class='ocrx_word' id='word_1_113' title='bbox 1092 2362 1139 2427; x_wconf 91' lang='lat' dir='ltr'>ii</span> <span class='ocrx_word' id='word_1_114' title='bbox 1190 2362 1327 2428; x_wconf 92' lang='lat' dir='ltr'>loci</span> <span class='ocrx_word' id='word_1_115' title='bbox 1378 2361 1643 2446; x_wconf 88' lang='lat' dir='ltr'>quibus</span> <span class='ocrx_word' id='word_1_116' title='bbox 1694 2362 2002 2447; x_wconf 89' lang='lat' dir='ltr'>scriptor</span> <span class='ocrx_word' id='word_1_117' title='bbox 2042 2363 2399 2430; x_wconf 89' lang='lat' dir='ltr'>sermonis</span> 
     </span>
     <span class='ocr_line' id='line_1_19' title="bbox 122 2478 2399 2567; baseline -0.001 -18"><span class='ocrx_word' id='word_1_118' title='bbox 122 2480 596 2567; x_wconf 83' lang='lat' dir='ltr'>integritatis</span> <span class='ocrx_word' id='word_1_119' title='bbox 630 2479 1113 2567; x_wconf 85' lang='lat' dir='ltr'>patrocinium</span> <span class='ocrx_word' id='word_1_120' title='bbox 1155 2478 1430 2563; x_wconf 90' lang='lat' dir='ltr'>arripit.</span> <span class='ocrx_word' id='word_1_121' title='bbox 1472 2478 1588 2545; x_wconf 91' lang='lat' dir='ltr'>Sic</span> <span class='ocrx_word' id='word_1_122' title='bbox 1620 2483 1944 2546; x_wconf 91' lang='lat' dir='ltr'>tenorem</span> <span class='ocrx_word' id='word_1_123' title='bbox 1976 2479 2399 2564; x_wconf 89' lang='lat' dir='ltr'>aequalibus</span> 
     </span>
     <span class='ocr_line' id='line_1_20' title="bbox 123 2595 2402 2683; baseline -0.002 -16"><span class='ocrx_word' id='word_1_124' title='bbox 123 2599 309 2667; x_wconf 88' lang='lat' dir='ltr'>suis</span> <span class='ocrx_word' id='word_1_125' title='bbox 387 2615 675 2683; x_wconf 31' lang='lat' dir='ltr'>parum·</span> <span class='ocrx_word' id='word_1_126' title='bbox 716 2602 970 2663; x_wconf 89' lang='lat' dir='ltr'>notum</span> <span class='ocrx_word' id='word_1_127' title='bbox 1035 2613 1191 2674; x_wconf 89' lang='lat' dir='ltr'>esse</span> <span class='ocrx_word' id='word_1_128' title='bbox 1256 2595 1584 2680; x_wconf 87' lang='lat' dir='ltr'>queritur</span> <span class='ocrx_word' id='word_1_129' title='bbox 1651 2601 1718 2662; x_wconf 87' lang='lat' dir='ltr'>et</span> <span class='ocrx_word' id='word_1_130' title='bbox 1780 2595 2080 2662; x_wconf 90' lang='lat' dir='ltr'>clericos</span> <span class='ocrx_word' id='word_1_131' title='bbox 2143 2596 2402 2662; x_wconf 89' lang='lat' dir='ltr'>acriter</span> 
     </span>
     <span class='ocr_line' id='line_1_21' title="bbox 127 2709 2395 2802; baseline -0.004 -19"><span class='ocrx_word' id='word_1_132' title='bbox 127 2712 629 2800; x_wconf 82' lang='lat' dir='ltr'>reprehendit</span> <span class='ocrx_word' id='word_1_133' title='bbox 671 2712 864 2797; x_wconf 91' lang='lat' dir='ltr'>quod</span> <span class='ocrx_word' id='word_1_134' title='bbox 913 2710 1131 2777; x_wconf 86' lang='lat' dir='ltr'>verba</span> <span class='ocrx_word' id='word_1_135' title='bbox 1167 2710 1500 2802; x_wconf 10' lang='lat' dir='ltr'>*pessime</span> <span class='ocrx_word' id='word_1_136' title='bbox 1551 2709 2019 2795; x_wconf 86' lang='lat' dir='ltr'>pronuntiare</span> <span class='ocrx_word' id='word_1_137' title='bbox 2060 2710 2395 2776; x_wconf 87' lang='lat' dir='ltr'>soleant².</span> 
     </span>
     <span class='ocr_line' id='line_1_22' title="bbox 129 2825 2401 2912; baseline -0.003 -14"><span class='ocrx_word' id='word_1_138' title='bbox 129 2832 431 2899; x_wconf 84' lang='lat' dir='ltr'>Eadem</span> <span class='ocrx_word' id='word_1_139' title='bbox 471 2833 712 2895; x_wconf 90' lang='lat' dir='ltr'>mente</span> <span class='ocrx_word' id='word_1_140' title='bbox 751 2832 818 2894; x_wconf 84' lang='lat' dir='ltr'>et</span> <span class='ocrx_word' id='word_1_141' title='bbox 850 2827 1205 2912; x_wconf 87' lang='lat' dir='ltr'>quaedam</span> <span class='ocrx_word' id='word_1_142' title='bbox 1250 2826 1529 2892; x_wconf 89' lang='lat' dir='ltr'>cantica</span> <span class='ocrx_word' id='word_1_143' title='bbox 1570 2846 1609 2893; x_wconf 88' lang='lat' dir='ltr'>a</span> <span class='ocrx_word' id='word_1_144' title='bbox 1651 2825 2025 2892; x_wconf 89' lang='lat' dir='ltr'>nonnullis</span> <span class='ocrx_word' id='word_1_145' title='bbox 2065 2826 2401 2893; x_wconf 89' lang='lat' dir='ltr'>incallide</span> 
     </span>
     <span class='ocr_line' id='line_1_23' title="bbox 131 2944 750 3030; baseline -0.013 -13"><span class='ocrx_word' id='word_1_146' title='bbox 131 2946 324 3017; x_wconf 85' lang='lat' dir='ltr'>cani</span> <span class='ocrx_word' id='word_1_147' title='bbox 360 2944 750 3030; x_wconf 78' lang='lat' dir='ltr'>queritur³.</span> 
     </span>
    </p>

    <p class='ocr_par' dir='ltr' id='par_1_8' title="bbox 135 3057 2405 3611">
     <span class='ocr_line' id='line_1_24' title="bbox 243 3057 2396 3141; baseline -0.002 -14"><span class='ocrx_word' id='word_1_148' title='bbox 243 3060 448 3141; x_wconf 90' lang='lat' dir='ltr'>Quae</span> <span class='ocrx_word' id='word_1_149' title='bbox 492 3059 736 3126; x_wconf 89' lang='lat' dir='ltr'>omnia</span> <span class='ocrx_word' id='word_1_150' title='bbox 781 3058 1038 3125; x_wconf 82' lang='lat' dir='ltr'>saltem</span> <span class='ocrx_word' id='word_1_151' title='bbox 1080 3057 1316 3141; x_wconf 89' lang='lat' dir='ltr'>poesis</span> <span class='ocrx_word' id='word_1_152' title='bbox 1357 3057 1681 3123; x_wconf 87' lang='lat' dir='ltr'>ardentia</span> <span class='ocrx_word' id='word_1_153' title='bbox 1724 3057 1961 3124; x_wconf 88' lang='lat' dir='ltr'>studia</span> <span class='ocrx_word' id='word_1_154' title='bbox 2005 3058 2396 3124; x_wconf 85' lang='lat' dir='ltr'>declarant.</span> 
     </span>
     <span class='ocr_line' id='line_1_25' title="bbox 135 3172 2402 3260; baseline -0.002 -15"><span class='ocrx_word' id='word_1_155' title='bbox 135 3180 497 3245; x_wconf 87' lang='lat' dir='ltr'>Praetera</span> <span class='ocrx_word' id='word_1_156' title='bbox 565 3175 758 3260; x_wconf 89' lang='lat' dir='ltr'>quod</span> <span class='ocrx_word' id='word_1_157' title='bbox 826 3173 1257 3240; x_wconf 90' lang='lat' dir='ltr'>Guillelmus</span> <span class='ocrx_word' id='word_1_158' title='bbox 1321 3172 1644 3239; x_wconf 88' lang='lat' dir='ltr'>laborem</span> <span class='ocrx_word' id='word_1_159' title='bbox 1720 3172 2123 3258; x_wconf 90' lang='lat' dir='ltr'>plurimum</span> <span class='ocrx_word' id='word_1_160' title='bbox 2191 3191 2402 3258; x_wconf 92' lang='lat' dir='ltr'>posse</span> 
     </span>
     <span class='ocr_line' id='line_1_26' title="bbox 139 3287 2403 3373; baseline -0.003 -13"><span class='ocrx_word' id='word_1_161' title='bbox 139 3292 556 3368; x_wconf 87' lang='lat' dir='ltr'>existimat,</span> <span class='ocrx_word' id='word_1_162' title='bbox 605 3290 676 3355; x_wconf 94' lang='lat' dir='ltr'>id</span> <span class='ocrx_word' id='word_1_163' title='bbox 730 3294 796 3355; x_wconf 91' lang='lat' dir='ltr'>et</span> <span class='ocrx_word' id='word_1_164' title='bbox 847 3289 909 3354; x_wconf 92' lang='lat' dir='ltr'>ei</span> <span class='ocrx_word' id='word_1_165' title='bbox 963 3287 1159 3353; x_wconf 89' lang='lat' dir='ltr'>laudi</span> <span class='ocrx_word' id='word_1_166' title='bbox 1212 3287 1365 3352; x_wconf 90' lang='lat' dir='ltr'>dari</span> <span class='ocrx_word' id='word_1_167' title='bbox 1407 3288 1639 3354; x_wconf 86' lang='lat' dir='ltr'>debet.</span> <span class='ocrx_word' id='word_1_168' title='bbox 1700 3288 2111 3354; x_wconf 88' lang='lat' dir='ltr'>Extremam</span> <span class='ocrx_word' id='word_1_169' title='bbox 2165 3289 2403 3373; x_wconf 89' lang='lat' dir='ltr'>operis</span> 
     </span>
     <span class='ocr_line' id='line_1_27' title="bbox 141 3402 2405 3496; baseline -0.003 -21"><span class='ocrx_word' id='word_1_170' title='bbox 141 3412 447 3496; x_wconf 85' lang='lat' dir='ltr'>partem</span> <span class='ocrx_word' id='word_1_171' title='bbox 499 3404 924 3491; x_wconf 88' lang='lat' dir='ltr'>praesertim</span> <span class='ocrx_word' id='word_1_172' title='bbox 974 3403 1091 3469; x_wconf 90' lang='lat' dir='ltr'>hic</span> <span class='ocrx_word' id='word_1_173' title='bbox 1141 3402 1636 3487; x_wconf 76' lang='lat' dir='ltr'>respicimus⁴.</span> <span class='ocrx_word' id='word_1_174' title='bbox 1683 3402 1917 3469; x_wconf 86' lang='lat' dir='ltr'>Utitur</span> <span class='ocrx_word' id='word_1_175' title='bbox 1966 3404 2158 3469; x_wconf 91' lang='lat' dir='ltr'>enim</span> <span class='ocrx_word' id='word_1_176' title='bbox 2202 3403 2405 3471; x_wconf 89' lang='lat' dir='ltr'>brevi</span> 
     </span>
     <span class='ocr_line' id='line_1_28' title="bbox 141 3515 2405 3611; baseline -0.003 -20"><span class='ocrx_word' id='word_1_177' title='bbox 141 3524 484 3611; x_wconf 88' lang='lat' dir='ltr'>quadam</span> <span class='ocrx_word' id='word_1_178' title='bbox 542 3520 897 3587; x_wconf 87' lang='lat' dir='ltr'>sententia</span> <span class='ocrx_word' id='word_1_179' title='bbox 949 3518 1170 3603; x_wconf 69' lang='lat' dir='ltr'>(moys</span> <span class='ocrx_word' id='word_1_180' title='bbox 1229 3515 1408 3583; x_wconf 80' lang='lat' dir='ltr'>dura</span> <span class='ocrx_word' id='word_1_181' title='bbox 1470 3524 1635 3583; x_wconf 78' lang='lat' dir='ltr'>anta</span> <span class='ocrx_word' id='word_1_182' title='bbox 1696 3536 1822 3605; x_wconf 77' lang='lat' dir='ltr'>que</span> <span class='ocrx_word' id='word_1_183' title='bbox 1882 3515 2265 3605; x_wconf 79' lang='lat' dir='ltr'>sofracha)³</span> <span class='ocrx_word' id='word_1_184' title='bbox 2329 3524 2405 3585; x_wconf 93' lang='lat' dir='ltr'>ut</span> 
     </span>
    </p>
   </div>
   <div class='ocr_carea' id='block_1_4' title="bbox 149 3764 2405 3919">
    <p class='ocr_par' dir='ltr' id='par_1_9' title="bbox 149 3764 2405 3919">
     <span class='ocr_line' id='line_1_29' title="bbox 232 3764 2405 3835; baseline -0.003 -8"><span class='ocrx_word' id='word_1_185' title='bbox 232 3772 288 3827; x_wconf 90' lang='lat'>1.</span> <span class='ocrx_word' id='word_1_186' title='bbox 337 3784 365 3823; x_wconf 71' lang='grc' dir='ltr'>(ι</span> <span class='ocrx_word' id='word_1_187' title='bbox 406 3772 520 3827; x_wconf 82' lang='lat' dir='ltr'>Ars</span> <span class='ocrx_word' id='word_1_188' title='bbox 546 3768 656 3824; x_wconf 83' lang='lat' dir='ltr'>illa.</span> <span class='ocrx_word' id='word_1_189' title='bbox 686 3766 906 3823; x_wconf 82' lang='lat' dir='ltr'>festiva</span> <span class='ocrx_word' id='word_1_190' title='bbox 935 3765 1314 3821; x_wconf 84' lang='lat' dir='ltr'>versificandi</span> <span class='ocrx_word' id='word_1_191' title='bbox 1348 3782 1655 3835; x_wconf 85' lang='lat' dir='ltr'>nunquam</span> <span class='ocrx_word' id='word_1_192' title='bbox 1688 3764 1946 3820; x_wconf 84' lang='lat' dir='ltr'>considit</span> <span class='ocrx_word' id='word_1_193' title='bbox 1978 3782 2083 3820; x_wconf 88' lang='lat' dir='ltr'>nec</span> <span class='ocrx_word' id='word_1_194' title='bbox 2113 3764 2177 3819; x_wconf 90' lang='lat' dir='ltr'>in</span> <span class='ocrx_word' id='word_1_195' title='bbox 2204 3766 2405 3821; x_wconf 82' lang='lat' dir='ltr'>animo</span> 
     </span>
     <span class='ocr_line' id='line_1_30' title="bbox 149 3849 2402 3919; baseline -0.004 -6"><span class='ocrx_word' id='word_1_196' title='bbox 149 3854 435 3913; x_wconf 85' lang='lat' dir='ltr'>hominis</span> <span class='ocrx_word' id='word_1_197' title='bbox 465 3853 621 3919; x_wconf 84' lang='lat' dir='ltr'>duri,</span> <span class='ocrx_word' id='word_1_198' title='bbox 654 3852 887 3918; x_wconf 82' lang='lat' dir='ltr'>rustici,</span> <span class='ocrx_word' id='word_1_199' title='bbox 920 3850 1167 3916; x_wconf 83' lang='lat' dir='ltr'>tenacis,</span> <span class='ocrx_word' id='word_1_200' title='bbox 1202 3849 1418 3919; x_wconf 85' lang='lat' dir='ltr'>iniqui,</span> <span class='ocrx_word' id='word_1_201' title='bbox 1462 3850 1689 3904; x_wconf 87' lang='lat' dir='ltr'>versuti</span> <span class='ocrx_word' id='word_1_202' title='bbox 1734 3849 2027 3904; x_wconf 81' lang='lat' dir='ltr'>consistit.</span> <span class='ocrx_word' id='word_1_203' title='bbox 2064 3864 2093 3901; x_wconf 86' lang='lat'>»</span> <span class='ocrx_word' id='word_1_204' title='bbox 2134 3850 2201 3916; x_wconf 89' lang='grc' dir='ltr'>(Ι,</span> <span class='ocrx_word' id='word_1_205' title='bbox 2236 3866 2293 3919; x_wconf 89' lang='lat' dir='ltr'>p.</span> <span class='ocrx_word' id='word_1_206' title='bbox 2326 3850 2402 3915; x_wconf 87' lang='lat'>4).</span> 
     </span>
    </p>
   </div>
   <div class='ocr_carea' id='block_1_5' title="bbox 232 3949 1693 4314">
    <p class='ocr_par' dir='ltr' id='par_1_10' title="bbox 232 3949 698 4021">
     <span class='ocr_line' id='line_1_31' title="bbox 232 3949 698 4021; baseline -0.009 -12"><span class='ocrx_word' id='word_1_207' title='bbox 232 3954 289 4009; x_wconf 82' lang='lat'>2.</span> <span class='ocrx_word' id='word_1_208' title='bbox 334 3952 411 4007; x_wconf 90' lang='lat' dir='ltr'>V.</span> <span class='ocrx_word' id='word_1_209' title='bbox 446 3953 492 4019; x_wconf 84' lang='lat'>1,</span> <span class='ocrx_word' id='word_1_210' title='bbox 519 3968 578 4021; x_wconf 90' lang='lat' dir='ltr'>p.</span> <span class='ocrx_word' id='word_1_211' title='bbox 610 3949 698 4005; x_wconf 84' lang='lat'>68.</span> 
     </span>
    </p>

    <p class='ocr_par' dir='ltr' id='par_1_11' title="bbox 233 4046 954 4118">
     <span class='ocr_line' id='line_1_32' title="bbox 233 4046 954 4118; baseline -0.006 -13"><span class='ocrx_word' id='word_1_212' title='bbox 233 4052 289 4106; x_wconf 83' lang='lat'>3.</span> <span class='ocrx_word' id='word_1_213' title='bbox 334 4050 412 4104; x_wconf 90' lang='lat' dir='ltr'>V.</span> <span class='ocrx_word' id='word_1_214' title='bbox 446 4050 493 4116; x_wconf 89' lang='grc' dir='ltr'>Ι,</span> <span class='ocrx_word' id='word_1_215' title='bbox 521 4064 578 4118; x_wconf 91' lang='lat' dir='ltr'>p.</span> <span class='ocrx_word' id='word_1_216' title='bbox 613 4047 718 4103; x_wconf 85' lang='lat'>342</span> <span class='ocrx_word' id='word_1_217' title='bbox 742 4051 801 4103; x_wconf 90' lang='lat' dir='ltr'>et</span> <span class='ocrx_word' id='word_1_218' title='bbox 830 4046 954 4102; x_wconf 91' lang='grc'><strong>348.</strong></span> 
     </span>
    </p>

    <p class='ocr_par' dir='ltr' id='par_1_12' title="bbox 233 4143 902 4216">
     <span class='ocr_line' id='line_1_33' title="bbox 233 4143 902 4216; baseline -0.006 -13"><span class='ocrx_word' id='word_1_219' title='bbox 233 4149 289 4204; x_wconf 86' lang='grc'>4.</span> <span class='ocrx_word' id='word_1_220' title='bbox 336 4148 411 4202; x_wconf 91' lang='lat' dir='ltr'>V.</span> <span class='ocrx_word' id='word_1_221' title='bbox 447 4148 551 4214; x_wconf 84' lang='lat'>111,</span> <span class='ocrx_word' id='word_1_222' title='bbox 583 4162 640 4216; x_wconf 92' lang='lat' dir='ltr'>p.</span> <span class='ocrx_word' id='word_1_223' title='bbox 675 4143 902 4200; x_wconf 81' lang='lat'>362-76.</span> 
     </span>
    </p>

    <p class='ocr_par' dir='ltr' id='par_1_13' title="bbox 233 4239 1693 4314">
     <span class='ocr_line' id='line_1_34' title="bbox 233 4239 1693 4314; baseline -0.008 -11"><span class='ocrx_word' id='word_1_224' title='bbox 233 4247 290 4303; x_wconf 89' lang='lat'>5.</span> <span class='ocrx_word' id='word_1_225' title='bbox 337 4259 366 4298; x_wconf 91' lang='lat'>«</span> <span class='ocrx_word' id='word_1_226' title='bbox 407 4242 740 4314; x_wconf 85' lang='lat' dir='ltr'>Turpitudo</span> <span class='ocrx_word' id='word_1_227' title='bbox 764 4240 995 4297; x_wconf 86' lang='lat' dir='ltr'>diutius</span> <span class='ocrx_word' id='word_1_228' title='bbox 1025 4256 1203 4310; x_wconf 81' lang='lat' dir='ltr'>quam</span> <span class='ocrx_word' id='word_1_229' title='bbox 1235 4239 1401 4295; x_wconf 87' lang='lat' dir='ltr'>dolor</span> <span class='ocrx_word' id='word_1_230' title='bbox 1430 4239 1628 4296; x_wconf 83' lang='lat' dir='ltr'>durat.</span> <span class='ocrx_word' id='word_1_231' title='bbox 1664 4254 1693 4292; x_wconf 85' lang='lat'>»</span> 
     </span>
    </p>
   </div>
  </div>
 </body>
</html>
