2894 4999
1457 388 1809 476 2-14-4-

517 584 662 674 Hoc
728 611 970 673 autem
1037 625 1532 673 memoramus
1600 606 1767 691 quia
1843 606 2094 673 Petrus
2162 623 2237 671 se
2314 586 2757 690 magistrum

518 723 816 806 habuit;
863 723 1081 790 talem
1114 723 1310 789 huno
1343 724 1634 807 quidem
1670 722 2029 789 exstitisse
2061 720 2318 788 merito
2357 720 2653 800 dixeriS,
2698 720 2757 787 si

516 838 1120 907 versificationem
1197 844 1506 915 tantum,
1574 856 1717 904 non
1794 838 2259 922 cogitationes
2322 842 2445 904 aut
2520 837 2757 903 animi

514 955 812 1023 aflectus
846 955 1273 1041 respexeris.

606 1480 748 1548 Etsi
805 1481 981 1548 haeo
1035 1480 1446 1547 testimonia
1514 1498 1658 1546 non
1728 1486 1897 1547 sunt
1952 1480 2369 1560 omittenda,
2439 1479 2754 1548 minoris

513 1603 754 1665 tamen
788 1597 1134 1664 momenti
1169 1602 1340 1664 sunt
1371 1615 1591 1681 quam
1620 1616 1803 1680 quae
1830 1604 2075 1683 postea
2103 1598 2294 1683 apud
2327 1597 2591 1683 lyricos
2621 1598 2755 1683 qui

514 1718 669 1779 tum
702 1732 870 1779 oum
903 1712 1352 1779 Australium
1382 1712 1617 1797 poesis
1642 1713 1956 1780 maxime
1983 1713 2279 1781 florebat
2311 1714 2752 1781 exstiterunt

512 1829 1010 1896 inveniuntur.

602 1944 778 2011 Tum
814 1945 1008 2011 enim
1042 1944 1126 2011 de
1160 1944 1283 2010 illo
1323 1945 1632 2011 obscuro
1672 1964 1931 2030 genere
1972 1966 2009 2011 a
2051 1948 2333 2014 duobus
2374 1948 2754 2014 nobilissi-

517 2061 655 2127 mis
695 2061 941 2145 lyrieis
973 2061 1047 2126 in
1080 2061 1391 2145 quadam
1433 2062 1891 2128 contentione
1933 2063 2380 2148 disputatum
2412 2069 2541 2131 est.
2586 2064 2752 2131 Pri-

513 2195 718 2243 mum
771 2177 858 2243 de
921 2177 1056 2242 hao
1117 2176 1578 2244 contentione
1641 2178 1989 2254 dicemus
2058 2180 2223 2245 dein
2281 2198 2362 2245 ea
2416 2199 2597 2264 quae
2658 2182 2750 2247 de

511 2292 756 2359 eadem
795 2292 1212 2376 quaestione
1240 2292 1310 2357 in
1346 2292 1505 2358 aliis
1546 2293 1990 2359 carminibus
2032 2295 2747 2379 reperiuntur,-dum

512 2408 632 2474 alii
695 2408 1087 2474 obscurum
1152 2426 1380 2493 genus
1444 2409 1863 2488 detrectant,
1934 2410 2053 2475 alii
2102 2416 2352 2478 eontra
2416 2412 2742 2493 laudant,

510 2525 960 2610 colligemus,

599 2640 903 2708 Carmen
947 2642 1032 2707 de
1076 2659 1218 2725 quo
1259 2641 1492 2726 agitur
1536 2641 1883 2708 Geraldus
1925 2643 2407 2711 Borneliensis
2451 2650 2518 2711 et
2562 2645 2750 2714 alter

511 2764 740 2843 poeta,
798 2749 1307 2823 commenticio
1353 2757 1646 2823 nomine
1701 2740 2042 2823 Liuhaure
2086 2760 2343 2839 diotuS,
2398 2761 2750 2829 condide-

509 2878 678 2940 runt
723 2891 736 2938 :
795 2873 991 2938 huno
1032 2871 1509 2938 Rambaldum
1550 2873 2103 2940 Arausioensem
2146 2894 2302 2942 esse
2352 2875 2743 2945 Kolsenius

513 2991 895 3076 permultis
927 2988 1373 3073 argumentis
1419 2989 1873 3056 confirmavit
1894 2990 1935 3054 ¹.

601 3107 729 3172 Illa
762 3111 1002 3172 autem
1034 3104 1308 3189 poetica
1333 3105 1721 3183 eontenti0‚
1754 3124 1838 3171 ex
1868 3106 2192 3190 ejusdem
2226 3108 2745 3176 existimatoris

511 3221 890 3299 sententia,
929 3221 1119 3285 intra
1149 3238 1378 3286 annos
1414 3220 1585 3286 1168
1615 3226 1681 3287 et
1718 3219 1886 3287 1173
1914 3227 2019 3288 est
2046 3221 2477 3289 referenda².
2514 3223 2739 3303 Hane,

509 3357 677 3406 oum
714 3336 1013 3403 maximi
1049 3337 1138 3402 sit
1179 3336 1553 3415 momenti,
1592 3335 1736 3402 fere
1769 3341 1988 3403 totam
2024 3338 2301 3404 laudari
2332 3339 2554 3406 decet.

602 3449 1041 3518 Rambaldus
1104 3469 1178 3517 se
1233 3452 1625 3517 obscurum
1684 3470 1911 3536 genus
1970 3453 2197 3537 sequi,
2236 3453 2401 3537 quia
2456 3459 2745 3521 tantum

511 3567 738 3634 doctis
772 3567 1052 3652 plaeere
1087 3566 1279 3644 velit,
1327 3566 1743 3651 profitetur3
1781 3567 2129 3635 Geraldus
2160 3575 2410 3635 eontra
2440 3588 2517 3636 se
2547 3570 2747 3636 dilu-

509 3683 753 3749 cidum
794 3701 1024 3767 genus
1071 3682 1374 3766 probare
1415 3682 1608 3760 dicit,
1661 3687 1739 3749 ut
1779 3703 1993 3768 quam
2041 3685 2395 3768 plurimos
2436 3685 2744 3752 lectores

509 3799 831 3866 delectet.

577 4021 628 4074 1.
670 4020 746 4074 V.
780 4020 893 4074 Ad.
927 4019 1152 4074 Kolsen
1187 4035 1200 4075 ε
1246 4018 1509 4074 Gait'aut
1543 4038 1650 4074 con
1685 4021 1970 4084 Bornellz,
2007 4019 2112 4076 det·
2152 4020 2407 4077 Meister
2436 4020 2541 4077 det·
2585 4022 2741 4077 Tro·-

507 4102 748 4167 badorS,
783 4120 841 4174 p.
875 4103 1065 4158 45-51.
1208 4112 1214 4118 “

575 4217 628 4271 2.
674 4217 784 4289 Op.
821 4214 1010 4279 laad„
1047 4233 1102 4286 p.
1137 4215 1224 4271 60.
