2894 4999
1055 418 1406 489 „75-

365 908 428 976 3.
484 909 632 990 Qua
683 912 1089 996 exponendi
1140 909 1416 979 ratione
1464 908 1896 978 Guillelmus
1947 908 2099 994 ipse

595 1028 671 1093 in
721 1045 754 1089 ε(
799 1024 1081 1113 Leyibus
1128 1024 1398 1099 Amoris
1440 1046 1472 1091 ›)
1526 1045 1705 1094 usus
1754 1027 1869 1094 sit.

195 1275 385 1342 Cum
427 1276 714 1363 longius
756 1278 848 1345 sit
888 1296 1071 1363 opus
1100 1276 1475 1347 'Guillelmi
1518 1275 1898 1355 Molinarii,
1944 1294 2061 1341 ars
2103 1293 2348 1343 rerum

108 1392 716 1477 exponendarum
757 1392 830 1459 in
870 1394 1007 1461 hoc
1046 1393 1493 1461 aestimanda
1534 1392 1863 1470 videtur3
1909 1392 2033 1458 sed
2074 1391 2146 1457 id
2184 1392 2350 1457 bre-

109 1508 297 1576 viter
330 1508 722 1575 faciemus:
769 1528 939 1589 nam
980 1509 1152 1595 quid
1194 1508 1266 1574 in
1308 1507 1674 1574 Guillelmi
1715 1507 2239 1592 compositione
2278 1511 2347 1573 et

108 1624 436 1691 oratione
465 1625 893 1709 reprehendi
921 1625 1147 1710 possit
1179 1624 1647 1691 manifestum
1679 1628 1808 1690 est.

197 1738 389 1805 Vitia
431 1740 626 1806 enim
668 1746 735 1808 et
776 1740 850 1809 in
900 1740 1420 1824 compositione
1454 1743 1521 1806 et
1562 1739 1635 1807 in
1676 1739 1997 1807 oratione
2037 1737 2351 1807 notanda

110 1861 307 1922 sunt.

198 1972 288 2038 Ut
350 1977 634 2038 tantum
701 1973 787 2038 de
857 1972 1263 2057 praecipuis
1327 1972 1737 2056 loquamur,
1798 1970 1869 2037 id
1927 1970 2351 2055 praesertim

113 2088 350 2154 taedio
404 2092 510 2154 est
564 2087 994 2173 legentibuS,
1042 2086 1513 2153 Guillelmum
1570 2086 2079 2171 partitionibus
2133 2086 2351 2153 nimis

111 2191 519 2295 indulgere.
568 2203 714 2270 Etsi
753 2202 948 2269 enim
985 2222 1098 2269 res
1131 2221 1384 2269 omnes
1416 2202 1491 2268 in
1520 2202 1873 2287 plurimas
1906 2208 2143 2286 partes
2177 2202 2354 2269 divi-

109 2320 353 2386 dendo
400 2319 562 2385 illas
603 2319 872 2386 clarius
917 2319 1260 2404 explicari
1305 2323 1530 2403 putat,
1569 2320 1858 2385 easdem
1891 2338 1967 2385 re
2012 2337 2354 2403 persaepe

108 2434 494 2520 implicare
555 2434 862 2512 videtur,
926 2435 1103 2502 dum
1163 2434 1233 2501 id
1302 2439 1587 2502 tantum
1648 2434 1864 2502 efficit
1928 2440 2005 2503 ut,
2071 2434 2353 2502 animos

108 2550 471 2617 distrahat
504 2551 859 2617 minutius
892 2551 1325 2618 sententiam
1354 2551 1560 2635 quasi
1588 2550 2053 2620 concidendo.
2092 2551 2187 2617 De
2219 2551 2355 2617 hoc

111 2644 328 2751 plura
369 2666 673 2734 dicenda
714 2685 859 2733 non
895 2667 1424 2743 existimamus,
1465 2666 1632 2751 quia
1671 2666 1819 2752 jam
1850 2684 1937 2734 ex
1979 2666 2353 2732 nonnullis

110 2782 292 2848 locis
326 2800 546 2867 supra
581 2782 908 2867 allegatis
941 2801 1055 2849 res
1087 2782 1407 2867 intellegi
1435 2782 1726 2866 potuit&

197 2897 317 2963 Nil
371 2897 643 2964 mirum
699 2897 1018 2982 profecto
1073 2898 1156 2975 si,
1217 2916 1384 2964 cum
1428 2897 1563 2964 ista
1617 2897 2021 2981 exponendi
2078 2896 2354 2963 ratione

110 3019 386 3091 utatur,
428 3032 960 3098 nonnunquam
1013 3031 1127 3080 res
1168 3013 1462 3080 inutiles
1502 3012 1728 3079 affert.
1778 3010 1893 3078 Sic
1931 3011 2207 3079 nullius
2247 3017 2352 3078 est

110 3130 470 3196 momenti
505 3129 743 3196 varios
777 3148 1035 3196 sensus
1076 3129 1276 3196 verbi
1307 3127 1497 3212 reyz'r
1534 3129 1821 3205 reterre,
1859 3146 2039 3194 cum·
2069 3128 2156 3193 ad
2198 3145 2352 3192 rem

110 3250 399 3311 tantum
431 3263 576 3311 una
608 3244 1038 3330 significatio
1070 3245 1482 3330 pertineat².

199 3359 353 3439 Qua
398 3361 482 3426 de
532 3379 750 3427 causa
801 3360 880 3426 fit
935 3379 1144 3446 saepe
1195 3366 1272 3427 ut
1327 3379 1440 3427 res
1490 3360 1636 3444 jam
1691 3359 1946 3426 allatae
1999 3359 2264 3425 iterum
2312 3379 2351 3424 a

110 3476 505 3544 Guillelmo
569 3476 903 3543 dicantur
949 3495 962 3542 :
1022 3476 1117 3542 ita
1184 3476 1431 3544 eadem
1495 3476 1569 3542 in
1636 3474 1991 3560 principio
2058 3473 2351 3559 quintae

112 3592 357 3679 operis
391 3591 616 3676 partis
649 3597 713 3658 et
748 3592 822 3657 in
855 3591 1210 3676 principio
1251 3592 1527 3677 primae
1568 3591 1791 3676 partis
1823 3590 2345 3676 reperiuntur².

201 3707 278 3773 Si
311 3707 714 3774 orationem
757 3708 1268 3793 spectabimuS‚
1317 3708 1637 3792 primum
1678 3707 1889 3774 istam
1934 3705 2351 3772 redundan-

177 3930 233 3984 1.
279 3929 572 3998 Exemplo
601 3928 682 3983 sit
711 3933 890 3998 eaput
920 3928 982 3982 in
1015 3945 1128 3998 quo
1159 3927 1521 3983 Molinarius
1566 3927 1779 4000 quibus
1818 3927 1892 3984 de
1932 3925 2125 3982 causis
2157 3925 2349 3997 poesis

105 4013 365 4069 inventa
390 4011 470 4067 sit
499 4013 745 4082 exponit
775 4030 787 4080 ;
831 4014 907 4067 cf.
943 4029 1138 4083 supra,
1173 4029 1230 4082 p.
1265 4013 1352 4067 67.

175 4125 231 4180 2.
278 4125 356 4178 v.
390 4125 464 4189 11,
499 4140 554 4194 p.
589 4123 622 4178 6
651 4129 710 4178 et
739 4123 791 4178 8.

175 4237 229 4293 3.
277 4234 374 4292 Cf.
404 4235 450 4301 1,
483 4251 542 4304 p.
579 4233 634 4301 2,
667 4238 724 4291 et
755 4234 858 4300 111,
887 4250 944 4304 p.
979 4216 1101 4291 360.
