2894 4999
1522 385 1879 470 452-

899 865 960 931 1.
1013 863 1380 943 Quatenus
1432 869 1758 932 veterum
1810 864 2206 950 lyricorum
2236 863 2492 954 ‚famae

1081 971 1463 1048 'inservire
1508 980 1751 1065 cupiat
1798 979 2255 1047 GuillelmuS.

661 1229 1100 1298 Tolosanum
1130 1228 1527 1315 Collegium
1557 1229 1646 1296 ad
1687 1233 2013 1296 veterum
2054 1228 2508 1296 Australium
2546 1229 2783 1314 lyrico-

574 1363 741 1414 rum
768 1346 1060 1413 laudem
1087 1345 1579 1413 renovandam
1606 1344 2021 1412 institutum
2043 1344 2265 1411 fuisse
2294 1363 2515 1430 supra
2537 1344 2777 1411 dictum

571 1467 728 1528 est:
775 1462 946 1528 huic
994 1460 1299 1528 consilio
1349 1459 1717 1527 Guillelmi
1768 1459 2127 1527 Molinarii
2175 1477 2357 1546 opus
2399 1460 2776 1546 respondet.

571 1576 822 1661 Itaque
863 1576 982 1642 hic
1020 1593 1097 1642 se
1137 1576 1280 1643 illis
1324 1575 1691 1660 magistris
1732 1575 1836 1642 uti
1877 1575 2276 1661 profitetur,
2322 1576 2501 1643 dum
2542 1575 2625 1643 de
2656 1580 2781 1642 arte
2868 1551 2870 1610 ³

570 1693 849 1778 poetica
905 1692 1311 1760 doctrinam
1365 1709 1726 1776 exponere
1780 1696 2004 1759 tentat
2048 1709 2062 1757 :
2122 1709 2292 1758 nam
2344 1711 2431 1759 ex
2485 1698 2781 1760 veterum
2868 1739 2870 1746 -

569 1809 912 1894 operibus
954 1808 1495 1894 praecepta,ab
1533 1808 1648 1875 his
1699 1808 1992 1893 quidem
2046 1808 2447 1887 observata,
2495 1827 2641 1876 non
2673 1827 2781 1875 ex-

572 1939 821 2010 presse
855 1928 1100 1992 tamen
1131 1923 1568 2009 conscripta,
1603 1942 1679 1990 se
1709 1929 2225 2010 excerptorum
2264 1943 2423 1992 esse
2462 1924 2653 1992 dicit.

589 2077 596 2084 ·
656 2039 1122 2107 Molinarium
1147 2039 1543 2125 lyricorum
1576 2057 1796 2124 opera
1827 2038 2116 2106 novisse
2142 2044 2212 2108 et
2232 2040 2440 2108 valde
2465 2039 2779 2107 admirari

567 2162 862 2242 apparet
899 2173 912 2222 :
958 2157 1124 2223 illos
1150 2155 1348 2222 enim
1377 2155 1525 2240 jam
1560 2155 1633 2221 in
1668 2155 1904 2240 primo
1931 2155 2116 2221 libro
2147 2160 2477 2223 auctores
2509 2156 2775 2241 profert,
2867 2155 2870 2162 “

566 2274 742 2340 dum
785 2291 861 2340 se
905 2291 937 2334 «
969 2272 1166 2356 leges
1189 2271 1463 2338 amoris
1488 2271 1892 2338 secundum
1920 2271 2149 2338 bonos
2175 2271 2516 2356 antiquos
2545 2271 2780 2358 lyricos
2868 2251 2870 2262 ἰ

568 2389 883 2458 scribere
929 2409 960 2454 »
1021 2387 1206 2454 velle
1245 2386 1440 2454 dicit.
1504 2405 1535 2451 «
1579 2385 1887 2453 Pauzam
1928 2405 1966 2453 6
2006 2387 2351 2472 prendem
2395 2386 2543 2454 lors
2581 2387 2785 2454 bonas
2867 2375 2870 2458 Ῑ

563 2506 848 2591 opinios
879 2510 946 2573 et
979 2504 1392 2591 aproadas¹.
1434 2524 1467 2569 »

653 2620 979 2707 Namque
1007 2620 1172 2687 illos
1199 2620 1529 2705 sequitur
1568 2619 2167 2705 quotiescumque
2197 2619 2284 2686 de
2309 2619 2655 2687 orationis
2678 2622 2781 2686 aut

561 2738 664 2805 de·
690 2736 1248 2807 versificationis
1288 2736 1565 2803 ratione
1596 2740 1977 2821 praecepta
2008 2736 2149 2814 dat,
2196 2735 2267 2801 id
2299 2739 2406 2821 est
2438 2741 2594 2803 tum
2633 2752 2777 2803 cum

563 2872 644 2923 ea
677 2872 862 2939 quae
893 2852 1198 2919 maximi
1232 2851 1583 2918 momenti
1616 2869 1773 2919 esse
1803 2850 2167 2917 existimat
2199 2851 2586 2936 eloquitur.

651 2968 791 3049 Sic,
826 2975 904 3037 ut
946 2968 1300 3035 nonnulla
1327 2966 1660 3052 exempla
1700 2966 2177 3052 proferamus
2216 2984 2510 3034 versum
2539 2985 2778 3035 novem

562 3086 1033 3171 syllabarum,
1081 3083 1445 3151 veteribus
1486 3082 1731 3167 lyricis
1771 3082 2211 3162 auctoribuS,
2257 3082 2485 3168 rejicit
2524 3102 2538 3149 :

656 3221 688 3264 «
742 3200 974 3268 Bordo
1023 3200 1109 3267 de
1160 3217 1304 3267 nou
1360 3200 1653 3266 sillabas
1709 3216 1802 3265 00
1854 3198 2113 3284 podem
2174 3198 2418 3266 trobar
2471 3218 2589 3267 am
2640 3198 2779 3267 hela

561 3335 886 3393 cazensa,
919 3334 1046 3402 per
1073 3334 1210 3401 que
1239 3334 1332 3383 no
1359 3315 1713 3384 trobaretz
1741 3334 1880 3401 que
1910 3316 2137 3401 degus
2162 3312 2297 3382 dels
2325 3313 2553 3382 amicz
2582 3316 2780 3402 hajan

557 3438 813 3518 pauzat
845 3432 1037 3518 aytal
1071 3432 1357 3498 bordo'.
1402 3451 1434 3496 »

649 3547 812 3615 Alio
861 3548 1079 3615 etiam
1132 3546 1312 3625 1000,
1359 3564 1505 3631 quo
1558 3547 1643 3614 de
1698 3548 2130 3633 qaibusdam
2188 3548 2428 3617 verbis
2481 3547 2773 3625 disserit,

552 3663 844 3732 eosdem
878 3668 1128 3749 poetas
1155 3662 1400 3729 laudat
1442 3667 1521 3729 ut
1562 3681 1716 3731 rem
1747 3663 2092 3749 dijudicet
2128 3678 2143 3729 :

628 3858 681 3913 1.
725 3872 756 3910 «
798 3857 1043 3913 Illorum
1056 3856 1406 3998 2sententias
1436 3861 1628 3913 rectas
1663 3862 1721 3913 et
1759 3858 2035 3928 probatas
2066 3856 2421 3928 exponimus
2450 3864 2510 3915 et
2538 3856 2776 3915 assumi·

553 3958 743 3999 mus»
785 3945 852 4009 (t.
888 3944 934 4011 Ι,
969 3959 1026 4013 p.
1091 3946 1132 4010 ).

622 4055 676 4111 2.
720 4070 749 4108 «
788 4056 1044 4111 Nullum
1086 4071 1298 4110 novem
1343 4055 1713 4124 syllabarum
1745 4070 1983 4111 versum
2028 4055 2304 4112 invenire
2348 4071 2658 4127 possumus
2686 4052 2776 4127 qui

552 4152 863 4196 numerose
893 4139 1066 4195 eadat
1099 4156 1112 4195 ε
1156 4139 1542 4209 quamobrem
1574 4139 1780 4195 videre
1810 4142 1898 4195 est
1928 4140 2232 4195 neminem
2273 4156 2345 4196 ex
2384 4141 2651 4213 antiquis
2683 4141 2775 4195 illo

551 4237 728 4281 versu
752 4241 927 4281 usum
958 4240 1104 4280 esse.
1139 4238 1168 4277 »
1209 4224 1279 4291 (Ι,
1311 4240 1371 4295 p.
1405 4224 1554 4291 112).
