2894 4999
1119 386 1479 489 ..457—

257 606 425 674 Jam
462 606 577 673 his
618 606 868 675 verbis
907 606 1056 673 fore
1094 610 1176 675 ut
1215 606 1358 672 Deo
1398 605 1787 691 adjuvante
1828 604 2215 744 inceptum
2235 618 2419 689 opus

149 722 495 809 perficiat
526 742 608 791 se
641 739 936 807 sperare
966 724 1441 789 demonstrat..

259 838 342 905 In
369 840 628 905 eodem
661 840 850 911 libro
880 840 1083 906 docet
1112 858 1187 905 se
1215 844 1509 923 propter
1540 843 1683 905 tres
1715 856 1971 903 causas
2004 840 2195 921 [6963
2224 839 2422 903 Amo-

141 952 269 1021 ris
298 955 713 1040 scripsisse,
747 972 1060 1039 quarum
1103 955 1292 1021 hanc
1331 947 1617 1020 tertiam
1650 971 1806 1019 esse
1839 952 2061 1020 dicit:

257 1090 291 1133 «
347 1069 642 1139 L'autra
668 1088 872 1138 razos
914 1088 989 1138 es
1031 1090 1158 1156 per
1199 1071 1522 1138 refrenar
1560 1070 1669 1136 103
1709 1070 1911 1137 avols
1950 1070 2289 1137 deziriers
2312 1070 2420 1137 els

139 1186 555 1254 dezonestz
593 1204 1020 1253 movemens
1059 1186 1214 1253 (1613
1252 1191 1669 1253 enamoratz
1696 1204 1733 1251 6
1778 1202 1905 1270 per
1947 1186 2295 1252 essenhar
2333 1185 2421 1253 de

135 1303 339 1387 qual
376 1320 589 1369 amor
614 1303 849 1369 devon
877 1302 1142 1369 amar¹.
1183 1322 1214 1365 »

251 1418 540 1485 Verum
567 1419 780 1485 verba
813 1400 944 1485 sua
974 1418 1064 1485 ad
1096 1418 1466 1503 propriam
1508 1417 1744 1503 poesis
1777 1422 2114 1485 naturam
2141 1432 2419 1484 accom-

139 1535 478 1601 modare
518 1538 744 1614 curat,
782 1516 952 1601 cum
997 1535 1184 1602 inter
1213 1551 1494 1612 causaS,
1543 1534 1806 1619 quibus
1851 1552 1967 1599 ars
2007 1533 2418 1600 carminum

131 1650 726 1718 condendorum
754 1650 1046 1717 inventa
1079 1651 1194 1729 sit,
1227 1651 1415 1718 hanc
1444 1655 1661 1735 ponat
1699 1668 1712 1715 ;
2306 1667 2309 1670 ·

253 1764 461 1852 [Ε316
490 1766 767 1834 36161136
797 1766 909 1833 106
949 1763 1314 1853 atrobada]
1365 1786 1396 1828 «
1435 1817 1568 1831 .....
1616 1784 1742 1851 per
1783 1784 1862 1832 so
1890 1784 2027 1850 que
2070 1784 2196 1850 per
2222 1766 2419 1833 ocio-

135 1888 352 1949 zetat
400 1900 494 1947 en
527 1887 737 1966 ‘pecat
770 1882 844 1947 ni
884 1900 973 1948 en
1005 1882 1145 1949 vici
1177 1882 1350 1948 hom
1391 1900 1486 1948 no
1525 1882 1679 1967 caJ'a
1715 1899 1730 1948 »ε
1777 1901 1980 1966 quar,
2027 1899 2248 1966 segon
2281 1898 2419 1966 que

131 1998 302 2065 ditz
332 1996 578 2075 CatOS,
611 1997 815 2064 loncz
849 2015 1108 2082 repaus
1135 2015 1211 2063 es
1253 1998 1673 2083 noyrimens
1702 1998 1787 2064 de
1821 1998 2122 2082 pecatz².
2160 2018 2191 2061 »

241 2112 566 2179 Difficile
593 2119 845 2205 autem*
867 2118 1018 2180 erat
1050 2114 1249 2180 illam
1291 2114 1378 2180 ad
1421 2114 1649 2179 bonos
1683 2132 1922 2180 mores
1942 2113 2419 2198 'religionem-

123 2249 290 2317 que
321 2230 956 2296 accommodatam
982 2229 1436 2314 disciplinam
1472 2230 1773 2307 tradere,
1802 2238 1970 2295 cum
1998 2229 2417 2296 Molinarius

125 2347 212 2413 id
247 2345 418 2413 sibi
461 2349 892 2430 proponeret
920 2350 996 2412 ut
1029 2346 1114 2412 de
1142 2344 1438 2429 poeticis
1479 2345 1865 2431 generibus
1907 2363 2088 2429 quae
2129 2363 2418 2430 praser-

121 2463 274 2530 tim
311 2478 582 2529 amore
608 2466 1023 2541 constarent
1049 2466 1427 2547 praecepta
1456 2462 1679 2529 daret.
1717 2461 1962 2546 Itaque
1988 2479 2311 2528 amorem
2340 2466 2414 2528 01

122 2577 566 2664 quemdam
601 2578 1067 2644 emendatum
1109 2577 1446 2643 aflectum
1475 2578 1933 2644 commendat
1970 2595 1985 2642 :

227 2715 270 2757 «
339 2692 458 2759 En
491 2692 558 2758 la
586 2693 835 2777 quinta
868 2698 1027 2778 part
1056 2711 1439 2778 pauzarem
1482 2693 1779 2759 alcunas
1812 2693 2175 2759 doctrinas
2216 2712 2415 2760 mos-

117 2817 482 2879 tran.....
538 2807 737 2892 qu'es
796 2826 1022 2886 amor,
1082 2826 1120 2875 6
1183 2809 1270 2874 (16
1332 2809 1501 2894 (1061
1556 2811 1761 2874 amor
1818 2809 2050 2874 devon
2109 2828 2311 2874 amar
2366 2809 2414 2875 li

118 2923 544 3012 aymador,
603 2923 822 3008 tugen
877 2929 944 2990 et
997 2923 1352 3008 esquivan
1403 2930 1502 2991 tot
1557 2924 1718 2991 avol
1774 2924 2074 2990 dezirier
2124 2944 2163 2991 e
2210 2944 2416 2992 amor

119 3039 618 3111 dezonesta³.
659 3059 692 3103 »
1922 3057 1929 3063 ·

219 3155 542 3225 Etenim
566 3154 642 3229 in
660 3154 908 3239 quinta
933 3145 1169 3240 operis
1196 3161 1394 3241 parte
1418 3156 1494 3221 in
1517 3157 1762 3222 eadem
1791 3175 1866 3224 re
1887 3163 2405 3237 commoratur,

195 3423 256 3478 1.
313 3434 356 3472 t(
407 3414 644 3489 [Leges]
671 3417 928 3487 denique
960 3415 1218 3489 [scripsi]
1252 3423 1316 3474 ut
1347 3435 1561 3488 pravas
1592 3419 1953 3489 cupiditates
1986 3424 2043 3474 et
2068 3419 2411 3476 inhonestos

111 3506 417 3564 affectus
447 3501 787 3651 amangum
821 3503 1182 3558 refrenarem
1215 3506 1274 3558 et
1295 3520 1407 3572 quo
1433 3520 1634 3558 amore
1663 3502 1742 3558 sit
1771 3504 2103 3560 amandum.
2121 3521 2215 3559 eos
2245 3504 2409 3559 doce-

109 3609 284 3648 rem.
333 3603 374 3641 ))
422 3587 496 3653 (1,
534 3603 591 3656 p.
691 3629 704 3642 .

187 3705 254 3760 2.
311 3697 476 3772 [Illa
505 3697 780 3753 doctrina
801 3697 930 3752 ideo
960 3698 1211 3754 inventa
1232 3695 1341 3770 est]
1366 3713 1394 3752 (‹
1419 3716 1493 3754 ne
1516 3698 1648 3769 quis
1670 3715 1774 3769 per
1794 3689 2089 3755 desidiam
2112 3699 2176 3753 in
2204 3716 2410 3770 pecca-

106 3794 258 3846 tum
301 3783 633 3840 vitiumve
676 3783 958 3838 caderet:
1004 3800 1164 3849 nam,
1198 3785 1264 3839 ut
1307 3784 1392 3838 ait
1434 3783 1602 3852 Cato,
1646 3786 1821 3853 longa
1859 3785 2059 3854 quiete
2098 3789 2406 3854 peccatum

105 3875 362 3955 alitqr'
400 3883 430 3920 ))
476 3867 546 3933 (1⁴)
571 3883 638 3938 ⁴p·
673 3867 822 3932 10)·-.

193 3986 258 4042 3.
317 3996 356 4035 (ι
408 3980 479 4034 In
513 3978 728 4048 quinta
757 3984 923 4049 parte
953 3982 1244 4036 nonnulla
1278 3986 1593 4051 praecepta,
1622 3981 2008 4037 instituemus
2038 3986 2104 4037 01
2132 3982 2409 4036 ostenda-

107 4087 266 4126 mus
306 4081 483 4138 quae
513 4064 592 4118 sit
631 4063 852 4119 amoris
895 4070 1128 4132 natura,
1163 4083 1276 4134 quo
1306 4083 1506 4120 amore
1536 4070 1807 4120 amantes
1848 4083 2047 4120 amare
2086 4067 2311 4133 deceat,
2347 4066 2407 4121 id

108 4161 208 4212 est
239 4149 578 4221 fugientes
605 4153 664 4202 61
688 4148 952 4204 vitantes
977 4167 1212 4205 omnem
1239 4166 1487 4222 pravam
1512 4149 1905 4222 cupiditatem
1934 4156 1991 4208 et
2022 4151 2405 4209 inhonestum

107 4251 448 4298 amorem.
486 4248 514 4290 υ
557 4235 628 4301 (1,
661 4250 720 4304 p.
751 4232 826 4298 6).
