2894 4999
1045 446 1400 517 -55-

115 642 343 723 ditate,
404 644 532 711 sed
593 644 867 729 majore
929 644 1308 713 severitate
1361 644 1794 712 Guillelmus
1847 644 1922 710 in
1976 625 2339 712 veteribus

119 760 354 845 lyricis
381 760 473 827 ob
503 761 682 827 illud
713 760 968 827 vitium
999 761 1613 846 reprehendendis
1646 761 1748 828 uti
1780 760 2041 828 decuit.
2068 742 2340 827 Vitium

117 878 298 943 enim
327 881 612 945 tantum
659 876 956 954 notavit,
995 895 1140 943 non
1167 877 1680 961 consequentia
1715 877 2052 962 percepit,
2091 895 2341 962 quam-

117 992 216 1059 vis
255 992 636 1059 manifesta
663 998 929 1061 essent.
960 993 1298 1061 Attamen
1340 994 1535 1059 haud
1567 1011 1825 1077 parum
1858 999 1961 1059 est
1998 993 2190 1077 quod
2221 992 2341 1060 ille

119 1112 434 1176 veterum
463 1108 700 1175 fautor
725 1109 859 1175 hos
899 1108 1308 1193 vituperare
1341 1127 1487 1175 non
1514 1109 1891 1176 dubitavit.

195 1224 380 1291 Haec
433 1224 521 1290 ad
575 1242 829 1291 omnes
884 1224 1148 1309 lyricos
1204 1224 1566 1309 pertinent
1608 1246 1625 1304 ;
1686 1225 1811 1291 sed
1864 1230 1930 1292 et
1984 1225 2335 1309 quosdam

122 1339 540 1407 nominatim
584 1340 1041 1427 reprehendit
1071 1340 1516 1407 Molinarius.

197 1454 371 1521 Nam
417 1460 664 1539 poetae
695 1455 982 1522 cuidam
1017 1455 1307 1522 crimini
1349 1456 1543 1522 dedit
1583 1456 1774 1540 quod
1816 1456 2114 1551 aflectus
2156 1455 2341 1551 inter

119 1590 184 1639 se
233 1570 636 1639 contrarios
690 1571 1250 1638 declaravisset:
1297 1572 1490 1656 quod
1547 1571 1825 1638 crimen
1882 1571 2039 1657 jure
2090 1570 2340 1638 multis

118 1688 262 1755 aliis
289 1688 520 1774 poetis
550 1687 812 1754 inferre
846 1687 1194 1772 potuisset
1231 1708 1246 1765 ;
1293 1688 1416 1781 sed
1444 1688 1531 1755 de
1564 1688 1699 1754 hoc
1730 1706 1951 1772 supra
1991 1678 2333 1766 diximus,

51 1818 56 1823 ·
123 1821 272 1870 cum
314 1804 404 1869 de
446 1802 832 1869 Raimundi
863 1802 1114 1869 Vitatis
1155 1820 1368 1887 opere
1408 1802 1799 1887 ageretur¹.

192 1917 509 1984 Dubitari
541 1935 684 1984 non
714 1923 945 2002 potest
969 1918 1145 2002 quin
1187 1917 1608 1984 Molinarius
1638 1917 2023 1984 Raimundi
2067 1917 2329 1984 librum

119 2040 355 2100 notum
391 2033 746 2110 habuerit,
793 2052 961 2100 cum
1009 2035 1206 2100 hunc
1245 2033 1355 2100 bis
1400 2033 2077 2100 commemoraverit
2117 2050 2129 2098 :
2179 2051 2337 2117 pro-

118 2148 234 2216 fert
286 2149 485 2217 enim
539 2167 620 2216 ea
675 2168 857 2233 quae
908 2148 1360 2215 Raimundus
1400 2148 1652 2214 Vitatis
1705 2149 1793 2215 de
1852 2148 2143 2233 proprio
2199 2168 2336 2215 usu

118 2262 542 2331 Francorum
601 2264 958 2331 sermonis
1011 2269 1079 2331 et
1132 2265 1218 2330 de
1271 2262 1736 2330 Lemovicum
1789 2263 2146 2330 sermonis
2200 2282 2334 2330 usu

117 2381 412 2466 scripsit,
462 2385 539 2448 ut
571 2380 791 2465 hujus
827 2379 1244 2464 opinionem
1286 2378 1585 2457 refellat,
1626 2378 1699 2443 in
1740 2378 2059 2444 secunda
2089 2380 2336 2463 Leyum

119 2496 359 2579 parte'.

192 2610 486 2678 Nullum
510 2611 734 2677 alium
756 2615 1040 2696 poetam
1061 2615 1583 2678 commemorat
1601 2610 2033 2677 Guillelmus
2057 2616 2339 2695 praeter

116 2725 406 2794 Atonem
447 2727 532 2793 de
559 2726 922 2793 Montibus
958 2749 974 2806 ;
1020 2726 1242 2812 hujus
1273 2743 1440 2792 vero
1483 2725 1754 2792 mentio
1780 2724 1859 2795 fit
1892 2743 2233 2810 persaepe
2261 2725 2333 2789 in

115 2839 380 2926 Leyibus
412 2839 704 2918 Amoris,
739 2842 916 2908 dum
949 2842 1280 2927 exempla
1322 2841 1408 2907 ad
1452 2839 1863 2907 sermenem
1907 2839 2337 2925 pertinentia

118 2957 193 3024 ab
231 2957 354 3023 illo
399 2962 774 3024 mutuatur
806 2957 1226 3024 Molinarius
1270 2962 1360 3035 et,
1412 2959 1564 3025 sive
1604 2956 1943 3041 carpendi
1984 2955 2136 3022 sive
2179 2955 2337 3021 lau-

118 3071 314 3140 dandi
347 3092 591 3149 causa,
629 3072 826 3139 illlus
856 3072 1178 3139 carmina
1211 3073 1475 3139 affert-³.
1522 3071 1711 3138 Nihil
1747 3071 2012 3137 mirum
2044 3069 2336 3155 quidem

119 3187 334 3255 sitam
366 3187 617 3255 multis
644 3187 821 3255 locis
851 3188 986 3256 Ato
1013 3189 1099 3254 de
1131 3188 1493 3255 Montibus
1525 3208 1561 3254 a
1595 3186 1971 3253 Molinario
2001 3173 2336 3253 laudatus

119 3309 232 3383 est,
277 3323 445 3372 cum
478 3304 597 3370 ille
636 3303 1032 3371 Tolosanus
1063 3309 1273 3372 esset.

193 3419 536 3505 Denique,
583 3425 659 3486 ut
702 3438 1067 3486 summam
1119 3419 1493 3497 faciamuS,
1531 3423 1826 3503 apparet
1865 3416 2336 3483 Guillelmum

117 3532 586 3614 Molinarium,
640 3553 811 3600 cum
852 3541 1176 3601 veterum
1221 3534 1619 3619 lyricorum
1665 3533 1952 3599 laudem
1988 3549 2338 3599 renovare

117 3655 429 3731 tentaret,
495 3651 628 3717 hos
693 3656 932 3717 tamen
995 3649 1293 3716 liberius
1355 3648 1791 3735 iudicavisse
1849 3666 2065 3732 quam
2129 3652 2206 3713 ut
2271 3647 2334 3713 ei

118 3783 367 3835 nomen
423 3765 937 3834 existimatoris
997 3764 1318 3832 invidere
1372 3763 1761 3850 possimus.
1822 3763 2099 3829 Bonum
2165 3763 2336 3828 vero

178 3959 224 4014 1.
265 3961 338 4014 V.
368 3976 567 4030 supra,
599 3976 658 4030 p.
686 3959 775 4015 45.

175 4069 224 4124 2.
266 4071 340 4124 V.
385 4070 460 4136 11,
501 4086 560 4140 p.
594 4069 717 4136 392,
751 4073 809 4126 et
841 4069 914 4135 11,
948 4085 1004 4138 p.
1038 4067 1143 4123 402
1176 4086 1188 4125 :
1235 4067 1646 4124 Raimundum
1689 4063 2049 4122 nominatim
2097 4067 2328 4122 tantum

117 4150 170 4206 in
197 4155 379 4208 altero
405 4155 531 4208 loco
559 4154 825 4224 appellat
857 4152 1239 4209 GuillelmuS.

177 4264 224 4332 3.
267 4265 626 4338 sztesertdni⁴
658 4265 720 4321 in
755 4264 933 4331 tertia
959 4263 1152 4346 operis
1183 4269 1368 4344 parte.
