2894 4999
546 576 722 644 tiam
755 580 1372 664 reprehendemus
1403 581 1520 648 cui
1562 581 1851 665 saepius
1883 579 2190 666 scriptor
2221 580 2575 666 indulget,
2618 597 2796 647 curn

546 693 698 777 ipse
749 695 884 761 hoc
939 695 1196 762 vitium
1244 696 1402 763 aliis
1452 696 2054 781 exprobraverit¹.
2098 695 2297 762 Adde
2347 695 2544 780 quod
2599 695 2799 761 idem

547 809 804 876 vitium
844 811 916 877 in
947 811 1312 878 Guillelmi
1347 831 1561 898 opere
1601 813 1868 879 clarius
1908 818 1976 879 et
2007 812 2383 879 molestius
2414 816 2549 890 est,
2592 811 2792 896 quia,

551 932 935 1011 postquam
986 928 1104 994 hic
1163 935 1542 1014 praecepta
1598 929 1832 994 soluta
1885 929 2206 994 oratione
2258 928 2475 1004 dedit,
2540 927 2798 994 minus

547 1042 776 1109 bonos
809 1063 1060 1110 versus
1091 1029 1177 1111 de
1217 1045 1485 1111 eisdem
1523 1045 1739 1112 rebus
1770 1045 2077 1111 condere
2110 1044 2349 1111 solet¹.

635 1158 712 1226 In
755 1161 892 1226 hoc
923 1162 1138 1226 etiam
1173 1180 1467 1246 peccare
1501 1162 1786 1228 videtur
1824 1160 2255 1227 Guillelmus
2288 1161 2478 1245 quod
2519 1159 2800 1226 simili-

547 1276 923 1343 tudinibus
969 1282 1036 1343 et
1079 1277 1316 1344 verbis
1359 1278 1728 1344 translatis
1773 1269 1861 1343 ad
1911 1295 2024 1343 res
2065 1277 2527 1361 exponendas
2564 1275 2798 1341 nimis

544 1392 962 1458 delectatur.

634 1506 774 1574 Ista
834 1509 1128 1593 quidem
1189 1509 1472 1576 dicendi
1538 1510 1813 1575 ratione
1881 1509 2108 1575 utitur
2175 1515 2253 1575 ut
2319 1508 2649 1574 taedium
2723 1507 2797 1572 in

545 1623 866 1690 docendo
907 1624 1129 1710 fugiat
1167 1644 1181 1692 z
1229 1627 1419 1710 quod
1462 1645 1547 1692 ex
1589 1627 1726 1692 hoc
1767 1625 1923 1691 loco
1954 1623 2322 1710 apparebit
2361 1642 2373 1689 :

639 1757 670 1801 «
724 1740 1042 1807 Alounas
1110 1741 1520 1826 d'aquestas
1598 1747 1795 1826 partz
1862 1740 2161 1807 d'oratio
2236 1740 2380 1806 han
2457 1739 2797 1805 maniera

544 1854 1043 1940 d'emperador
1070 1875 1110 1923 o
1137 1858 1223 1924 de
1255 1875 1432 1942 gran
1468 1858 1764 1942 princep
1792 1875 1932 1941 que
1959 1857 2074 1923 vol
2105 1857 2497 1922 comandar
2522 1874 2559 1922 e
2596 1855 2798 1940 regir

543 1989 580 2038 e
614 1989 708 2038 no
741 1973 858 2038 vol
899 1992 1096 2039 esser
1128 1992 1254 2058 per
1286 1973 1525 2039 sobira
1557 1973 1891 2039 mandatz
1924 1973 1998 2037 ni
2038 1973 2278 2058 regitz.
2332 1971 2381 2037 E
2410 1970 2795 2055 d'aquesta

544 2093 800 2154 natura
848 2107 922 2155 es
971 2090 1033 2154 le
1072 2087 1263 2154 verbs
1309 2090 1429 2174 qui
1485 2089 1600 2156 vol
1643 2089 1842 2174 -regir
1890 2107 1927 2154 e
1978 2106 2070 2154 no
2120 2089 2236 2156 vol
2284 2106 2480 2154 esser
2531 2088 2789 2172 regitz.
2872 2171 2877 2174 Ι

543 2202 861 2270 Alcunas
895 2210 1138 2271 autras
1167 2211 1364 2289 partz
1395 2207 1746 2272 trobaretz
1774 2223 1951 2288 quez
1978 2206 2123 2270 han
2157 2204 2475 2270 maniera
2504 2204 2595 2269 de
2632 2203 2790 2270 savi

542 2319 757 2386 horne
789 2321 912 2404 qui
957 2321 1070 2386 vol
1121 2321 1309 2405 regir
1349 2326 1415 2386 et
1457 2340 1653 2387 esser
1696 2321 1912 2406 regitz
1953 2339 1989 2388 e
2030 2325 2413 2406 governatz
2447 2341 2463 2399 3
2519 2324 2586 2385 et
2634 2319 2791 2386 d’a—

543 2442 792 2520 questa
827 2443 1080 2503 natura
1113 2456 1242 2503 son
1287 2437 1330 2503 li
1362 2454 1525 2503 nom
1556 2437 1618 2503 el
1644 2433 1970 2523 partieip.
1994 2437 2012 2465 ³
2060 2457 2090 2501 »

632 2551 768 2618 Sed
809 2552 879 2616 in
915 2552 1154 2619 verbis
1200 2551 1721 2618 transferendis
1768 2552 1977 2617 illum
2019 2551 2291 2617 diutius
2340 2552 2788 2618 commorari

540 2667 1006 2735 manifestum
1051 2673 1155 2733 est
1195 2686 1207 2732 :
1256 2668 1608 2753 imagines
1654 2646 1851 2733 enim
1896 2667 2256 2752 explicare
2298 2667 2391 2732 ita
2424 2668 2672 2733 studet
2709 2674 2784 2733 ut

540 2801 686 2849 non
719 2783 954 2849 solum
990 2784 1217 2849 oratio
1259 2784 1508 2849 lumen
1552 2783 1767 2849 rebus
1811 2801 1955 2848 non
1998 2782 2353 2858 adhibeat,
2394 2782 2517 2848 sed
2558 2784 2786 2848 etiam
2862 2871 2871 2876 μ

539 2899 673 2965 hae
719 2898 892 2964 fiant
934 2916 1145 2982 saepe
1191 2898 1633 2965 difficiliores
1667 2899 1753 2963 ad
1796 2898 2388 2983 intellegendum.
2439 2897 2787 2964 Attamen

539 3014 788 3080 eadem
820 3014 1225 3099 exponendi
1270 3014 1544 3079 ratione
1584 3003 1893 3097 scriptor
1939 3014 2041 3079 uti
2089 3019 2342 3097 potest,
2380 3014 2786 3080 dummodo

537 3116 892 3214 judicium
922 3129 993 3194 in
1024 3130 1158 3195 hac
1186 3148 1260 3194 re
1289 3130 1641 3195 ostendat.
1675 3128 1948 3206 Nonne,
1981 3135 2056 3195 ut
2084 3129 2500 3213 exemplum
2530 3129 2786 3195 affera-

537 3264 728 3323 mUS,
794 3245 1154 3322 HoratiuS,
1219 3263 1389 3310 curn
1454 3244 1834 3310 Pisonibus
1898 3245 1983 3310 de
2052 3245 2335 3311 senario
2398 3250 2785 3330 praecepta

605 3467 658 3521 1.
704 3465 796 3522 Cf.
831 3482 1030 3536 supra,
1063 3482 1121 3535 p.
1155 3464 1244 3519 73.

606 3577 659 3632 2.
701 3577 808 3633 Nil
853 3576 1038 3646 igitur
1083 3577 1304 3631 mirum
1346 3576 1396 3630 si
1431 3576 1795 3631 Guillelmus
1826 3575 1953 3645 ipse
1993 3575 2179 3648 Leges
2210 3573 2456 3630 Amoris
2500 3576 2566 3630 in
2600 3576 2783 3631 breve
2817 3554 2824 3560 ’
2892 3582 2894 3587 ’

537 3660 746 3731 coegit.
779 3662 866 3716 De
898 3662 1008 3716 hac
1041 3660 1300 3731 epitome
1327 3678 1384 3716 v.
1417 3660 1793 3715 Cltabaneau
1821 3660 1885 3713 in
1912 3659 2071 3715 Hist.
2108 3660 2305 3733 Lany.
2338 3660 2417 3725 X,
2444 3660 2571 3715 179.

607 3772 658 3826 3.
701 3773 1046 3827 Nonnullae
1086 3788 1157 3826 ex
1198 3771 1324 3826 illis
1364 3771 1650 3826 orationis
1694 3771 2003 3840 particulis
2046 3772 2475 3841 imperatorum
2510 3774 2607 3827 vel
2650 3790 2779 3827 ma-

535 3872 782 3925 gnorum
817 3856 1161 3926 principum
1205 3873 1364 3910 more
1396 3874 1457 3909 se
1496 3862 1727 3924 gerunt,
1762 3856 1861 3924 qui
1897 3856 2190 3925 imperare
2222 3860 2278 3910 et
2309 3872 2509 3923 regere
2538 3858 2776 3921 volunt,

535 3940 636 3995 sed
668 3958 842 3995 omne
874 3941 1198 4010 imperium
1231 3943 1328 3995 vel
1357 3940 1796 3995 oboedientiam
1843 3940 2139 4007 abjiciunt
2173 3957 2185 4007 ;
2228 3939 2449 3994 similis
2489 3944 2578 3994 est
2620 3940 2781 3995 cer-bi

536 4024 708 4091 rati0,
735 4025 884 4093 quod
909 4042 1126 4094 regere,
1155 4042 1268 4078 non
1298 4025 1417 4093 regi
1450 4026 1599 4079 vult.
1631 4025 1687 4078 N
1692 4025 1969 4077 onnullas
1991 4023 2139 4077 alias
2167 4024 2492 4092 particulas
2519 4024 2779 4094 reperire

535 4114 644 4174 est,
678 4124 826 4177 quae
857 4108 1223 4177 sapientium
1257 4126 1417 4162 more
1444 4126 1504 4162 se
1535 4112 1767 4177 gerunt,
1798 4106 1898 4175 qui
1931 4112 1988 4161 et
2019 4124 2215 4176 regere
2246 4111 2303 4161 et
2333 4106 2456 4175 regi
2488 4109 2803 4177 guberna-.

534 4192 703 4263 rique
724 4195 972 4247 volunt:
1008 4193 1153 4248 haec
1184 4197 1271 4248 est
1303 4192 1453 4248 ratio
1487 4191 1794 4249 nominum.
1814 4196 1873 4246 et
1891 4190 2381 4267 participiorum.
2413 4206 2442 4243 »
2478 4192 2579 4259 (11,
2614 4208 2673 4267 p.
2698 4192 2773 4258 6).
