2894 4999
1536 423 1886 494 *22*

1271 621 1368 681 bel
1392 620 1617 700 poiria
1644 620 1931 681 mandar-

1274 716 1463 794 qu'eu
1491 716 1595 775 dic
1627 716 1817 795 qu'en
1853 716 2192 776 l’escurzir

1632 827 1766 869 non
1798 827 1866 869 es
1898 810 2151 870 l'affanz

1273 921 1414 965 mas
1439 921 1522 965 en
1554 904 1758 964 l’obra
1790 902 2117 965 sclarzir¹.

597 1077 746 1159 Qua
800 1078 1155 1147 sententia
1210 1076 1412 1146 nulla
1466 1097 1551 1147 ex
1611 1078 1725 1145 his
1785 1096 1964 1163 quas
2018 1077 2257 1144 adhuc
2313 1077 2506 1162 apud
2564 1076 2819 1163 lyricos

499 1226 504 1241 ·
597 1195 1016 1264 invenimus
1063 1195 1543 1281 praestantior
1581 1200 1710 1274 est,
1757 1212 1923 1262 cum
1968 1212 2095 1280 per
2133 1193 2323 1260 hanc
2361 1193 2821 1261 manifestum

597 1310 723 1379 fiat
774 1310 1162 1379 Geraldum
1223 1329 1369 1379 non
1422 1311 1834 1379 inconsulto
1892 1310 1978 1377 de
2036 1315 2185 1406 arte
2244 1309 2519 1395 poetica
2575 1310 2821 1395 dispu-

597 1428 886 1497 tavisse.

687 1544 950 1612 Eodem
990 1544 1136 1611 iere
1163 1549 1488 1629 tempore
1515 1562 1658 1629 quo
1698 1544 2045 1611 Geraldus
2073 1542 2556 1611 Borneliensis
2583 1543 2670 1610 de
2696 1543 2820 1608 hac

597 1679 675 1749 re
714 1660 1028 1746 scripsit,
1075 1660 1528 1727 Raimundus
1570 1660 1654 1727 de
1694 1660 2061 1727 Miravalle
2112 1659 2528 1745 opinionem
2576 1676 2817 1726 eorum

599 1776 723 1863 qui
749 1777 1144 1845 obscurum
1167 1775 1450 1843 dicendi
1474 1794 1702 1861 genus
1726 1776 2199 1843 defendebant
2226 1778 2468 1860 aperte
2495 1774 2570 1841 in
2597 1774 2818 1860 prima

597 1893 982 1982 cujusdam
1024 1892 1368 1961 carminis
1401 1897 1602 1978 parte
1629 1892 2072 1978 oppugnavit
2110 1909 2123 1958 :

1231 2059 1372 2120 Ano
1400 2061 1646 2120 trobars
1687 2060 1824 2119 clus
1853 2060 1927 2119 ni
1957 2062 2149 2120 braus

1073 2174 1206 2216 non
1229 2155 1339 2214 dec
1370 2173 1525 2214 aver
1548 2160 1728 2231 pretz
1758 2155 1833 2213 ni
1861 2154 2027 2226 lana,

1376 2267 1493 2326 pos
1523 2249 1637 2326 fon
1660 2249 1821 2325 faitz
1842 2268 1963 2327 per
1990 2249 2246 2320 vendre,

1236 2342 1516 2401 contrals
1546 2347 1757 2401 sonetz
1786 2360 2009 2413 suauS,

977 2507 980 2510 ,
1075 2434 1384 2507 coindetz,
1414 2434 1574 2493 aissi
1604 2453 1743 2493 com
1773 2433 1909 2494 euls
1936 2453 2131 2512 pana,

1381 2548 1412 2589 e
1444 2529 1577 2589 leus
1609 2529 1695 2588 ad
1724 2529 2067 2607 aprendre,

1075 2623 1152 2684 ab
1183 2623 1308 2683 bels
1339 2623 1473 2682 ditz
1504 2623 1673 2683 clars
1704 2642 1735 2682 e
1764 2612 1886 2701 qen
1915 2617 2119 2694 cl'auS,

1381 2735 1495 2775 car
1519 2736 1639 2794 per
1675 2718 1785 2793 far
1813 2716 2114 2776 entendre

1379 2829 1513 2870 non
1539 2810 1643 2869 cal
1670 2815 1814 2888 trop
1845 2810 2240 2870 contendre’.

687 2973 981 3042 Minime
1029 2971 1322 3058 quidem
1373 2972 1449 3040 in
1503 2973 1812 3040 obscuro
1866 2978 1974 3039 est
2021 2970 2196 3057 quid
2248 2971 2701 3039 Raimundus
2738 2969 2813 3037 de

598 3086 965 3158 Miravalle
1004 3089 1142 3156 hoc
1180 3087 1338 3156 loco
1371 3088 1780 3174 vituperare
1809 3087 2117 3155 voluerit
2148 3105 2162 3152 :
2208 3084 2332 3154 sed
2359 3087 2637 3155 utinam
2670 3103 2814 3154 sen-

667 3286 720 3340 1.
765 3298 794 3338 «
835 3283 1014 3340 Levis
1056 3288 1114 3340 et
1157 3283 1355 3339 tenuis
1399 3282 1789 3339 cantiuncula
1832 3283 1987 3337 mihi
2031 3282 2339 3338 condenda
2376 3286 2484 3350 est,
2527 3299 2703 3353 quam
2747 3280 2813 3338 ad

596 3368 967 3439 Delphinum
989 3369 1428 3424 Arvernensem
1459 3367 1698 3422 mittere
1721 3367 1940 3437 possim
1967 3384 1980 3435 ς
2011 3383 2158 3436 quae
2184 3366 2234 3420 si
2260 3366 2324 3421 in
2351 3365 2569 3422 itinere
2588 3365 2813 3422 domino

597 3454 782 3510 Ebolo
811 3457 1100 3520 occurrat,
1129 3452 1271 3508 huic
1300 3452 1463 3507 dicat
1504 3468 1636 3506 mea
1666 3452 1905 3522 quidem
1938 3450 2237 3506 sententia
2267 3468 2387 3506 non
2423 3451 2597 3506 rebus
2627 3452 2813 3506 obscu-

597 3536 841 3594 ritatem
885 3541 1128 3612 afferre,
1175 3535 1279 3592 sed
1323 3554 1469 3611 opus
1514 3535 1851 3592 dilucidare
1894 3535 2103 3609 mayni
2144 3553 2269 3590 esse
2312 3534 2558 3591 laboris.
2599 3551 2629 3589 >J
2674 3535 2812 3606 (Len

597 3621 970 3680 cha-usonem
998 3639 1028 3677 e
1056 3621 1153 3687 vil,
1188 3639 1245 3677 v.
1280 3621 1436 3689 1-10,
1470 3621 1560 3676 M.
1600 3621 1671 3676 G.
1700 3621 1825 3688 850,
1858 3637 1929 3675 ex
1960 3621 2087 3675 cod.
2121 3620 2225 3685 H.)

665 3733 720 3790 2.
764 3748 793 3787 «
833 3734 1159 3804 Nunquam
1200 3732 1327 3788 fleri
1367 3732 1564 3803 potuit
1603 3737 1668 3787 ut
1712 3731 1902 3803 poesis
1941 3732 2189 3787 obscura
2226 3735 2284 3786 et
2322 3747 2531 3803 aspera
2567 3730 2809 3802 pretium

596 3819 914 3876 laudemve
945 3819 1208 3884 haberet,
1241 3835 1377 3873 cum
1418 3818 1551 3872 ideo
1580 3817 1697 3873 ista
1731 3817 1981 3872 inventa
2019 3817 2098 3872 sit
2127 3821 2193 3872 ut
2222 3816 2455 3872 venalis
2486 3821 2656 3884 esset,
2687 3829 2810 3886 prae
2885 3879 2888 3902 Ι

596 3903 1001 3972 cantiunculis
1045 3902 1348 3969 suavibuS‚
1397 3901 1653 3969 festivis,
1700 3901 1922 3957 talibus
1964 3903 2167 3971 quales
2215 3918 2319 3970 ego
2367 3901 2574 3967 condo,
2616 3904 2673 3956 et
2714 3901 2809 3954 hae
2885 3913 2888 3972 ς

595 3992 735 4045 sunt
787 3987 994 4043 faciles
1051 3988 1126 4044 ad
1179 3987 1587 4052 ediscendum,
1643 4005 1672 4041 e
1727 3987 1994 4057 pulchris
2043 3985 2262 4050 verbim
2314 3984 2619 4053 dilucidis,
2669 3988 2807 4040 recte
2885 3981 2888 4052 Ῑ

595 4071 900 4130 collocatis
952 4071 1312 4143 compositae
1365 4089 1376 4127 ε
1439 4075 1648 4125 caveat
1701 4070 1862 4124 enim
1923 4086 1995 4124 ne
2052 4069 2347 4139 operosior
2399 4069 2481 4125 sit·
2524 4070 2636 4140 .qui
2690 4068 2806 4122 vult
2885 4057 2888 4122 ἵ

594 4157 885 4228 intellegi.
918 4172 948 4211 »
992 4157 1155 4224 (Anc
1186 4157 1422 4214 trobars
1463 4155 1588 4214 clas
1636 4154 1698 4215 ni
1740 4155 1941 4217 orans,
1986 4171 2044 4211 v.
2088 4153 2206 4212 1-9.
2256 4154 2535 4226 Bartsch,
2590 4153 2801 4214 Clcrest.

595 4243 803 4308 Pron„
837 4259 895 4320 p.
928 4242 1076 4310 149.)
