2894 4999
1585 427 1895 510 ,4-

615 656 897 733 magna
974 660 1152 733 pars
1230 637 1826 711 provincialium
1901 658 2221 731 operum
2297 635 2702 722 exciderit,
2798 655 2871 705 eo

617 764 1052 836 accuratius
1085 764 1301 836 <lecet
1339 785 1477 835 nos
1510 764 1694 858 quid
1726 764 1817 834 de
1855 765 2015 834 suis
2047 762 2317 833 littoris
2360 761 2505 855 ipsi
2543 760 2891 838 provin-5

621 889 850 962 ciales
892 889 1294 976 senserint,
1346 889 1463 960 vel
1507 888 1853 960 minimis
1905 886 2345 960 auctoribus
2380 885 2890 980 juvantibus,¹

619 1013 1032 1107 inquirere.
2888 1015 2891 1112 J

722 1139 892 1210 Non
950 1138 1118 1210 ideo
1177 1144 1475 1210 tantum
1531 1138 1736 1210 locos
1786 1139 1878 1209 ad
1942 1138 2234 1209 litteras
2289 1142 2734 1230 spectantes
2798 1127 2890 1208 in}

622 1263 1222 1335 Provincialium
1263 1262 1626 1357 operibus
1671 1262 2291 1358 recognoscimus
2330 1283 2481 1356 quo
2523 1261 2615 1332 de
2662 1245 2890 1346 non-2

621 1388 1009 1461 nullorum
1076 1390 1539 1482 scriptorum
1611 1387 1815 1460 fama
1880 1396 1953 1459 et
2013 1387 2429 1459 virtutibus
2489 1387 2871 1460 certiores

620 1513 956 1604 fiamus3
1013 1535 1276 1585 verum
1334 1513 1563 1584 etiam
1621 1535 1808 1584 num
1867 1512 2053 1606 quid
2107 1513 2201 1584 de
2250 1510 2636 1584 scribendi
2702 1521 2890 1606 arte}

623 1638 1079 1732 generaliter
1115 1638 1623 1710 disseruerint
1660 1637 2050 1710 Australes
2091 1658 2457 1731 quaerere
2502 1613 2891 1731 proporsi-¹

620 1771 784 1836 tum
818 1773 951 1836 est.
988 1764 1444 1857 Quanquam
1483 1770 1733 1834 autem
1771 1763 2012 1834 multa
2041 1762 2136 1834 ab
2168 1762 2289 1833 his
2324 1763 2419 1834 ad
2451 1772 2870 1858 praecepta

623 1889 874 1961 danda
925 1890 1209 1982 scripta
1260 1897 1463 1975 sunt,
1508 1909 1747 1982 pauca
1790 1887 2093 1981 proprie
2148 1888 2243 1960 ad
2288 1887 2577 1959 litteras
2620 1891 2869 1982 perti—

626 2023 830 2086 nent.
875 2015 1042 2086 Non
1095 2014 1446 2107 equidem
1498 2015 1775 2085 des‘unt
1822 2012 1997 2085 libri
2050 2013 2126 2084 in
2168 2012 2449 2106 quibus
2491 2012 2583 2084 de
2626 2013 2869 2087 rebus

622 2140 857 2210 variis
887 2139 1441 2233 disputationes
1490 2138 1844 2232 reperiaS,
1878 2137 2008 2209 sed
2054 2160 2224 2210 raro
2264 2137 2356 2209 de
2386 2138 2869 2232 optimarum

624 2265 901 2337 artium
929 2264 1204 2335 studiis
1237 2263 1351 2335 vel
1381 2263 1475 2335 de
1503 2263 1821 2336 honesta
1848 2263 2195 2336 doctrina
2218 2263 2509 2358 aliquid
2530 2264 2868 2338 artificio

624 2396 697 2460 et
752 2388 874 2459 via
930 2387 1320 2460 Australes
1375 2387 1879 2459 tradiderunt.
1945 2387 2315 2482 Pleraque
2367 2388 2573 2460 enim
2625 2409 2869 2483 opera

624 2520 805 2585 sunt
833 2514 925 2585 de
953 2513 1451 2606 grammatica
1481 2522 1611 2585 aut
1642 2514 1733 2585 de
1767 2537 1847 2586 re
1876 2515 2214 2602 metrica,
2248 2515 2432 2587 dum
2470 2516 2867 2608 quomodo

623 2640 1036 2733 scriptores
1077 2638 1337 2731 lingua
1378 2639 1778 2710 emendata
1820 2640 1930 2710 uti
1961 2646 2089 2711 aut
2125 2662 2393 2713 versus
2426 2641 2865 2714 secundum

623 2764 1020 2859 probatam
1071 2764 1559 2858 disciplinam
1613 2764 1941 2836 condere
1995 2766 2292 2859 possint
2342 2765 2867 2839 Provinciales

621 2890 1045 2962 edisserere
1081 2896 1481 2961 conantur.

721 3014 891 3087 Non
936 3022 1190 3085 tamen
1235 3014 1550 3086 omnino
1591 3036 1676 3085 ea
1715 3035 1910 3108 quae
1952 3014 2045 3086 de
2085 3013 2513 3087 litterarum
2555 3015 2628 3085 vi
2675 3038 2866 3090 sen-

621 3139 914 3211 tiebant
963 3139 1646 3233 praetermiserunt
1688 3138 2229 3212 provinciales.
2284 3141 2482 3225 Quin
2537 3140 2692 3213 imo
2738 3166 2866 3215 res

622 3265 936 3337 maximi
970 3264 1330 3359 ponderis
1359 3246 1941 3359 nonnunquam,
1962 3287 2139 3338 cum
2162 3266 2507 3360 proprias
2535 3288 2865 3360 operum

621 3411 937 3462 suorum
994 3390 1314 3461 virtutes
1359 3389 1904 3479 describerent,
1939 3391 2638 3484 ‘praestrinxerunt
2696 3392 2865 3467 Nec

621 3516 968 3587 mirum:
1039 3515 1316 3586 etenim
1396 3523 1553 3586 tam
1621 3522 1918 3586 mature
1981 3490 2368 3609 quasdam*
2421 3517 2861 3592 litterarum

622 3647 873 3734 partes
916 3661 1219 3712 summa
1267 3647 1426 3711 arte
1476 3645 1801 3712 tractare
1844 3641 2249 3712 valuerunt
2290 3648 2375 3712 ut
2412 3641 2507 3713 de
2551 3642 2643 3713 iis
2678 3664 2863 3717 mox

621 3773 791 3859 apte
833 3765 1282 3838 concluseve
1324 3765 1580 3836 dicere
1626 3773 1953 3858 possent.
1997 3767 2215 3855 Nam,
2260 3767 2398 3838 etsi
2442 3766 2537 3838 iis
2572 3766 2859 3860 quibus

623 3898 895 3961 natura
926 3894 1121 3962 inest
1154 3891 1590 3962 carminum
1622 3891 2200 3962 condendorum
2239 3892 2457 3985 copia
2498 3914 2651 3963 non
2683 3892 2858 3967 ideo

623 4038 925 4109 semper
999 4016 1114 4085 vis
1185 4016 1584 4108 judicandi
1665 4015 1910 4100 datur,
1982 4024 2233 4086 tamen
2317 3994 2882 4119 provinciales‚ff

626 4149 1024 4236 propterea
1054 4140 1258 4234 quod
1300 4141 1379 4211 in
1412 4140 1791 4234 principio
1813 4140 1971 4235 jam
2004 4142 2189 4213 artis
2228 4142 2565 4235 argutias
2596 4140 2880 4281 magnii
