2894 4999
1447 405 1806 485 —56—

501 610 1076 683 existimatorem
1103 610 1312 679 illum
1339 610 1771 690 diceremus,
1800 612 1861 679 si
1884 630 1964 679 se
1992 629 2137 680 non
2164 610 2403 679 solum
2432 612 2766 684 liberum

503 726 634 801 scd
655 726 876 796 etiam
902 726 1245 795 subtilem
1275 726 1352 795 in
1391 727 1875 795 existimando
1916 727 2412 813 praestitisset.

683 1027 747 1095 2.
801 1026 1173 1110 Quomodo
1222 1034 1508 1117 poetam
1558 1030 2055 1098 informaverit
2104 1030 2564 1097 Guillelmus.

561 1251 655 1321 a).
699 1248 1096 1311 Guillelmum
1137 1251 1203 1307 in
1243 1256 1417 1324 poeta
1454 1252 1837 1308 informando
1876 1270 1993 1309 non
2033 1254 2226 1309 solum
2265 1254 2337 1309 de
2376 1252 2541 1325 poesi
2584 1254 2695 1309 sed

869 1350 1050 1407 etiam
1093 1350 1166 1407 de
1203 1350 1376 1407 bonis
1415 1348 1682 1407 moribus
1720 1355 1779 1407 et
1816 1350 2107 1421 religione
2144 1368 2369 1407 curare.

594 1528 668 1597 Si
687 1529 850 1615 quis
872 1532 1064 1616 Leyes
1084 1528 1488 1598 Amorisvel
1513 1530 1819 1598 strictim
1843 1530 2177 1617 attigerit,
2200 1532 2403 1599 tacile
2418 1531 2766 1599 animad-

507 1649 736 1713 vertet
783 1643 1257 1713 Guillelmum
1297 1644 1760 1713 Molinarium
1808 1665 1977 1714 eum
2018 1646 2414 1732 perfectum
2457 1652 2765 1732 poetam

503 1759 942 1841 existimare,
979 1761 1102 1846 qui
1132 1760 1343 1829 bonis
1371 1762 1699 1829 moribus
1730 1768 1798 1830 et
1830 1763 2158 1849 religioni
2188 1762 2452 1830 serviat
2489 1780 2503 1827 :
2550 1762 2763 1847 quod

503 1881 783 1963 oportet
814 1895 1332 1956 memoremus,
1365 1896 1535 1945 cum
1569 1878 1735 1946 inde
1765 1878 1889 1946 fiat
1930 1883 2008 1947 ut
2032 1878 2152 1945 ille
2192 1878 2538 1965 peculiari
2571 1896 2763 1962 qua-

499 1996 669 2065 dam
708 1993 1080 2084 iudicandi
1111 1994 1389 2061 ratione
1417 1999 1685 2062 utatur.

595 2108 927 2177 Ceterum
958 2108 1414 2187 GuillelmuS,
1454 2110 1630 2177 dum
1657 2110 1846 2178 hanc
1877 2109 2289 2196 opinionem
2335 2109 2753 2195 profitetur,

499 2244 669 2295 cum
696 2224 799 2292 eis
821 2243 861 2291 a
889 2224 1153 2309 quibus
1177 2223 1576 2310 Collegium
1598 2226 1973 2292 conditum
1995 2230 2102 2293 est
2124 2225 2479 2293 consentit
2503 2243 2516 2290 :
2546 2227 2758 2310 quod

502 2340 716 2433 plane
742 2358 828 2407 ex
855 2339 1033 2425 ipsis
1061 2340 1258 2407 illius
1285 2338 1575 2427 Collegii
1604 2341 1953 2408 institutis
1979 2342 2334 2426 apparet'.

591 2456 868 2525 Etenim
909 2455 1055 2542 iam
1090 2456 1163 2522 in
1205 2456 1440 2542 prima
1473 2457 1711 2543 operis
1745 2457 2004 2543 pagina
2035 2456 2482 2546 deprehendi*
2506 2463 2759 2542 potest

499 2592 643 2659 qua
673 2576 915 2640 mente
955 2572 1265 2658 scriptor
1303 2573 1390 2639 de
1429 2573 1628 2658 poesi
1659 2573 2208 2640 existimaturus
2235 2573 2349 2640 sit.
2381 2572 2744 2658 Namque,

501 2693 888 2775 postquam
915 2706 1030 2755 res
1060 2687 1502 2755 necessarias
1529 2689 1617 2754 ad
1646 2688 1952 2773 quodvis
1992 2706 2174 2773 opus
2215 2688 2749 2774 perficiendum

497 2804 974 2894 enumeravit,
1013 2804 1189 2871 haec
1226 2803 1423 2871 addit
1462 2822 1475 2870 :

522 2939 528 2944 ’
593 2939 634 2984 «.
672 2908 730 2986 Ἐ
769 2938 952 3005 quar
1000 2923 1336 3004 aquestas
1385 2924 1531 2986 tres
1581 2937 1837 2986 cauzas
1874 2939 1905 2984 »
1947 2955 2035 2966 -
2087 2919 2443 3005 significat
2490 2925 2747 2988 autem

499 3032 708 3116 vostr,
751 3031 970 3115 saber,
1000 3031 1220 3121 poder
1247 3071 1335 3087 ——-
1369 3053 1400 3099 «
1431 3035 1658 3121 degus
1686 3053 1779 3101 no
1809 3041 1931 3120 pot
1963 3053 2134 3102 aver
2164 3054 2278 3102 ses
2318 3035 2515 3113 Dieu,
2554 3055 2751 3122 quar
2870 3117 2885 3126 .

496 3156 626 3237 tug
663 3151 714 3217 li
753 3151 840 3218 be
881 3168 1066 3217 veno
1098 3151 1185 3217 de
1225 3149 1424 3229 Dieu,
1463 3169 1502 3217 e
1534 3169 1647 3217 ses
1688 3151 1812 3235 luy
1853 3169 1967 3219 res
1999 3150 2107 3217 far
2142 3169 2274 3218 nos
2306 3158 2449 3236 pot,
2488 3171 2614 3237 per
2658 3171 2748 3220 so

497 3284 630 3333 nos
657 3266 727 3332 lo
755 3283 1049 3350 pregam
1079 3265 1489 3333 humilmen
1514 3284 1689 3350 ques
1717 3266 1781 3332 el
1811 3285 1942 3333 nos
1969 3267 2060 3333 do
2086 3283 2326 3332 secors
2348 3272 2417 3334 et
2443 3267 2742 3352 aiutori,

499 3383 710 3451 saber
734 3399 772 3449 e
800 3382 1022 3468 poder
1061 3400 1098 3448 e
1137 3381 1352 3460 forsa,
1391 3400 1528 3466 pus
1557 3400 1695 3466 que
1726 3382 1793 3447 la
1828 3381 2192 3449 voluntatz
2222 3400 2299 3448 es
2325 3401 2413 3449 en
2456 3401 2609 3464 nOS,
2650 3386 2745 3453 de

495 3499 604 3569 iar
639 3500 798 3584 Leys
835 3493 1154 3564 d'Amors
1190 3515 1414 3583 segon
1445 3497 1554 3564 los
1586 3498 1714 3564 bos
1755 3497 1985 3564 anticz
2015 3498 2453 3566 trobadors’.
2488 3520 2521 3564 »

493 3705 620 3847 XL
661 3705 959 3846 D1egzhig3v.
985 3704 1306 3776 epistulam
1331 3722 1367 3760 a
1388 3703 1648 3762 Camillo
1678 3704 2050 3760 Clzabaneaa
2071 3704 2317 3772 editam,
2341 3703 2499 3760 Hist.
2530 3705 2739 3781 LangJ.

560 3833 573 3857 ‚
606 3806 664 3860 p.
806 3819 834 3828 -
914 3832 926 3845 .

563 3900 617 3957 2.
661 3915 692 3954 (ι
734 3899 884 3958 Cum
931 3900 1070 3956 illas
1114 3904 1232 3955 tres
1271 3917 1363 3955 res
1399 3917 1594 3967 nem0‚
1627 3900 1940 3956 deficiente
1972 3899 2081 3956 Dei
2126 3917 2253 3970 ope,
2301 3901 2517 3957 habere
2546 3903 2743 3971 possit

497 3986 661 4048 (nam
693 3984 899 4041 omnia
928 3985 1080 4040 bona
1109 4002 1144 4040 a
1179 3985 1300 4040 Deo
1332 3984 1789 4055 proficiscuntur
1824 4002 2014 4054 neque
2048 3985 2371 4054 quidquam
2405 3985 2535 4040 sine
2563 3984 2742 4042 illius

491 4085 669 4140 opera
697 4069 826 4124 fieri
857 4071 1094 4139 potest),
1123 4069 1399 4124 eumdem
1432 4069 1787 4139 suppliciter
1818 4085 2129 4139 precamur
2149 4075 2215 4124 ut
2242 4069 2410 4124 nobis
2431 4069 2735 4126 auxilium

493 4156 552 4208 et
581 4169 752 4223 opem
785 4152 905 4220 det,
939 4152 1278 4218 scientiam,
1311 4152 1492 4220 vix-ee,
1534 4154 1906 4220 facultatem,
1941 4153 2222 4221 quoniam
2268 4153 2453 4226 Leqes
2483 4154 2739 4210 Amoris

493 4237 820 4293 secundum
863 4237 1044 4294 bonos
1083 4241 1312 4294 veteres
1353 4237 1574 4310 lyricos
1614 4237 1869 4295 scribere
1909 4237 1971 4294 in
2003 4236 2205 4304 animo
2246 4238 2551 4296 habemus,
2590 4253 2619 4292 »
2662 4242 2736 4308 (Ι,

493 4337 552 4394 p.
585 4321 661 4387 1).
