2894 4999
1524 359 1878 450 -4gffl

676 591 708 638 «
761 568 892 640 Car
934 590 1077 640 una
1115 572 1201 640 de
1242 573 1346 640 las
1387 573 1660 660 majors
1699 574 1939 642 valors
1989 574 2103 642 del
2154 578 2358 641 mont
2398 591 2474 641 es
2518 572 2633 658 qui
2663 591 2761 662 sap
2827 560 2836 569 “

583 689 826 756 lauzar
880 707 959 757 so
1005 707 1091 774 qe
1130 688 1223 755 iai
1264 708 1304 756 a
1353 689 1620 770 lauzar‚
1676 709 1713 758 e
1753 689 2075 758 blasmar
2110 709 2189 758 so
2229 708 2369 776 que
2419 689 2512 758 fai
2548 709 2586 757 a
2612 690 2767 756 hlas-

587 805 806 872 mar‘.
848 825 879 870 »

673 920 876 988 Haud
915 922 1253 1008 equidem
1285 926 1743 1010 spernendus
1785 923 2093 1010 scriptor
2134 923 2443 1002 videtur,
2491 940 2771 1008 praeser-

583 1037 714 1106 tim
741 1038 800 1104 si
829 1044 1153 1124 tempora
1176 1040 1547 1129 respiciaS‚
1582 1041 1643 1108 is
1670 1040 1795 1127 qui
1822 1059 1975 1107 rem
1990 1023 2250 1107 'veram
2272 1044 2423 1106 tam
2450 1039 2773 1108 enucleate

583 1154 913 1223 elocutus
948 1160 1079 1223 est.

679 1269 774 1337 Ex
827 1271 1150 1357 allegatis
1192 1271 1368 1339 locis
1417 1272 1659 1358 colligi
1699 1277 1932 1360 potest
1981 1271 2473 1346 Raimundum
2515 1271 2777 1341 Vitalem

589 1388 931 1456 omnibus
971 1389 1118 1455 iere
1159 1388 1549 1456 virtutibus
1590 1389 1679 1456 ad
1718 1389 1993 1456 litteras
2033 1388 2520 1456 aestimandas
2568 1405 2783 1456 neces·

590 1504 800 1571 sariis
824 1505 1230 1590 praeditum
1250 1504 1497 1574 fuisse.
1518 1504 1613 1572 De
1635 1504 2106 1590 grammatica
2128 1504 2203 1576 in
2226 1504 2481 1589 primis
2504 1502 2781 1590 scripsit:

585 1620 712 1687 sed
746 1640 888 1689 non
921 1621 1229 1687 dubium
1261 1625 1368 1688 est
1401 1621 1578 1706 quin
1619 1620 1835 1700 idem,
1882 1620 1943 1689 si
1973 1621 2060 1690 de
2091 1619 2327 1713 poesis
2358 1625 2619 1694 natura
2654 1620 2788 1692 lon-

583 1737 744 1821 gius
785 1736 1142 1804 disserere
1193 1740 1561 1815 tent-asset‚
1617 1735 1898 1821 egregie
1938 1736 2076 1803 hoc
2124 1735 2563 1821 periecisset.
2616 1734 2791 1812 Haud

584 1851 805 1938 igitur
859 1853 1224 1921 immerito
1278 1853 1731 1926 existimator
1779 1851 1922 1931 ille,
1981 1851 2193 1937 cujus
2258 1851 2407 1941 jam
2466 1851 2791 1922 nonnulla

587 1970 807 2036 verba
838 1969 1242 2049 attulimus,
1289 1968 1376 2036 de
1416 1970 1555 2041 hoc
1594 1967 1942 2053 scriptore
1982 1967 2163 2036 dixit
2198 1985 2212 2033 :
2261 1987 2294 2038 t(
2329 1967 2608 2054 Ingenii
2643 1985 2792 2037 acu·
2829 2016 2838 2025 -

586 2103 755 2154 men
796 2091 864 2153 et
905 2085 1176 2154 sanitas
1208 2085 1444 2153 rarius
1485 2085 1561 2153 in
1601 2083 1819 2152 medii
1864 2083 2021 2154 aevi
2052 2083 2391 2170 operibus
2437 2089 2787 2178 apparent,

584 2220 809 2291 quam
849 2207 928 2276 ut
971 2202 1447 2288 neglegantur
1486 2219 1656 2271 cum
1688 2200 1763 2268 in
1794 2200 1909 2269 his
1949 2201 2654 2286 deprehenduntur'.
2686 2221 2714 2266 11

675 2317 774 2387 Ν6
843 2318 1099 2396 multa,
1169 2317 1243 2386 in
1309 2316 1742 2392 brevissimo
1796 2335 2010 2402 opere
2063 2316 2516 2392 Raimundus
2570 2317 2797 2389 Vitalis

583 2451 924 2521 magnam
991 2433 1395 2502 doctrinam
1463 2438 1531 2501 et
1608 2437 1906 2506 acutum
1972 2432 2349 2520 ingenium
2416 2433 2799 2509 ostendisse

582 2551 893 2620 videtur.
1834 2631 1838 2634 ,

671 2666 1004 2735 Ceterum
1071 2666 1299 2739 multa
1367 2664 1781 2741 testimonia
1848 2670 2019 2735 sunt
2086 2671 2365 2737 veteres
2429 2665 2800 2741 Raimundi

583 2780 836 2855 Vitalis
862 2800 1044 2875 opus
1085 2781 1382 2869 plurimi
1423 2780 1574 2866 jam
1602 2781 1879 2861 iecisse,
1916 2799 2085 2856 cum
2126 2782 2263 2857 hoc
2301 2782 2378 2850 in
2409 2782 2795 2862 Provincia,

582 2898 660 2972 in
691 2897 1079 2979 Catalonia,
1112 2897 1186 2969 in
1227 2897 1428 2972 Italia
1460 2896 1767 2982 benigne
1793 2902 2177 2985 exceptum
2216 2898 2456 2975 fuerit.

670 3012 995 3100 Namque
1035 3014 1110 3080 in
1147 3009 1431 3098 Leyibus
1469 3009 1773 3079 Ατηοντζς3
1814 3013 2171 3098 quaedam
2211 3012 2599 3090 Raimundi
2648 3033 2804 3093 sen-

581 3129 844 3196 tentiae
866 3132 1535 3197 commemorantur
1556 3149 1572 3208 ;
1605 3127 1680 3194 in
1702 3131 2025 3195 extrema
2046 3130 2235 3196 tertii
2258 3130 2521 3197 decimi
2548 3130 2804 3199 saeculi

581 3250 806 3331 parte,
852 3244 1294 3314 Gausiredus
1334 3245 1422 3312 de
1462 3242 1757 3310 Fuxano
1796 3242 2203 3324 CatalanuS,
2250 3245 2325 3313 in
2364 3264 2581 3333 opere
2618 3247 2805 3332 quod

584 3378 617 3424 (ς
659 3355 885 3444 Reyles
941 3356 1021 3425 de
1072 3356 1338 3425 trobar‘
1384 3380 1416 3424 »
1475 3359 1919 3441 inscribitur,
1984 3361 2057 3428 in
2121 3379 2264 3447 quo
2312 3362 2807 3437 desiderantur

651 3555 703 3609 1.
749 3569 777 3609 «
817 3554 977 3611 Nam
1023 3552 1130 3610 ille
1169 3552 1328 3611 inter
1365 3554 1912 3627 praestantissimos
1959 3560 2047 3615 est
2092 3556 2193 3629 qui
2244 3556 2487 3617 laudare
2524 3542 2687 3629 quod
2734 3561 2809 3615 est

580 3639 1007 3781 {bizudangtgm
1048 3645 1106 3696 et
1146 3639 1299 3711 quod
1339 3640 1895 3711 reprehendendum
1937 3646 2025 3697 est
2068 3642 2501 3715 reprehendere
2538 3646 2756 3713 potest».
2784 3656 2807 3697 1)

656 3742 675 3778 ι
723 3765 759 3788 .,
795 3740 852 3794 p.
962 3763 974 3779 .

652 3835 706 3899 2.
747 3836 814 3893 F.
851 3835 1242 3903 GuessarduS‚
1274 3835 1338 3891 in
1364 3852 1459 3907 op.
1488 3853 1667 3908 supra
1692 3838 1877 3905 laud„
1906 3854 1964 3909 p.
1998 3838 2215 3895 XLIV.
2250 3867 2315 3876 —
2348 3838 2595 3895 Rectius
2622 3838 2811 3897 dixis·

581 3924 670 3980 set
709 3935 738 3975 (ι
770 3920 834 3977 in
860 3920 1136 3991 operibus
1162 3938 1311 3991 quae
1336 3921 1412 3977 ad
1441 3922 1933 3992 praecipiendum
1960 3923 2183 3994 scripta
2206 3927 2367 3979 sunt.
2402 3939 2431 3977 1)

653 4032 705 4087 3.
746 4032 835 4088 De
866 4033 975 4088 hoc
1005 4048 1178 4104 opere
1202 4031 1268 4088 in
1299 4032 1571 4103 sequenti
1604 4032 1800 4105 eapite
1830 4033 2118 4090 dicemus.

650 4143 703 4199 4.
745 4144 856 4201 Ed.
884 4161 920 4201 a.
946 4144 1023 4199 P.
1054 4144 1269 4217 Meyer·
1295 4144 1359 4201 in
1384 4143 1700 4203 Romania
1730 4145 1838 4213 IX,
1870 4161 1927 4217 p.
1960 4146 2025 4202 51
2059 4150 2117 4202 et
2146 4162 2233 4217 sq.
2270 4162 2285 4215 ;
2326 4147 2405 4206 cf.
2434 4146 2512 4203 A.
2550 4146 2812 4209 Thomas

581 4226 646 4284 in
677 4227 989 4285 Romania
1018 4229 1098 4299 X,
1129 4246 1188 4301 p.
1219 4226 1343 4285 322.
