2894 4999
1407 378 1841 485 --72-

632 578 1094 645 Probandum
1135 581 1244 644 est
1281 576 1499 643 etiam
1541 577 1732 660 quod
1774 575 1861 642 de
1900 572 2808 643 immoderatislaudibus

542 690 988 779 (sobre-laus)
1030 692 1201 759 dicit
1231 683 1697 759 Guillelmus¹
1740 710 1753 757 :
1799 692 1930 758 has
1961 691 2158 758 enim
2198 690 2357 775 iure
2390 690 2800 773 vituperat.

542 809 744 885 Nam,
795 810 927 876 etsi
971 809 1322 875 nonnulla
1364 808 1633 874 leviora
1674 808 1891 885 addit,
1931 806 2517 893 reprehensionis
2560 804 2806 889 hujus

542 926 772 993 facilis
812 931 919 992 est
958 924 1302 1001 defensi0‚
1341 924 1740 989 dummodo
1781 922 1953 1007 quid
1987 927 2265 988 veteres
2299 921 2506 1006 lyrici
2539 920 2805 1005 eloqui

541 1042 818 1108 soleant
859 1040 1225 1125 respicias

629 1156 1101 1223 Guillelmum
1169 1155 1389 1239 igitur
1457 1154 1824 1220 interdum
1892 1153 1964 1219 in
2044 1158 2249 1239 poeta
2316 1152 2805 1219 informando

539 1272 904 1359 quoddam
953 1271 1305 1356 judicium
1339 1270 1741 1337 ostendisse
1774 1273 2075 1349 constat,
2122 1286 2313 1347 cum,
2353 1287 2799 1353 quanquam

541 1393 868 1454 veterum
946 1385 1343 1471 lyricorum
1421 1384 1681 1471 placita
1751 1384 2208 1469 sequebatur,
2291 1385 2468 1451 haec
2537 1389 2801 1450 tamen

539 1502 840 1570 meliora
879 1502 1035 1569 lieri
1076 1519 1287 1587 posse
1314 1501 1705 1567 arbitratus
1738 1500 1852 1566 sit.

944 1764 1026 1829 c).
1073 1763 1208 1826 Qua.
1246 1766 1449 1817 mente
1489 1760 1854 1817 Guillelmus
1893 1761 1966 1816 de
2003 1761 2272 1817 oratione
2310 1765 2368 1816 et

1147 1860 1420 1915 versibus
1460 1863 1777 1931 praecepta
1814 1858 2151 1915 tradiderit.

623 2066 720 2133 Ex
776 2065 889 2131 his
944 2083 1127 2149 quae
1179 2066 1268 2131 de
1319 2064 1686 2132 Guillelmi
1744 2065 2019 2150 poetica
2072 2065 2397 2132 doctrina
2451 2065 2796 2133 diximus

536 2182 742 2249 facile
784 2179 1102 2264 intellegi
1137 2184 1368 2263 potest
1397 2199 1532 2245 cur
1563 2180 2120 2246 innumerabilia
2152 2180 2238 2246 de
2270 2180 2681 2247 elocutione
2719 2186 2797 2247 et

533 2297 619 2362 de
646 2300 796 2363 arte
826 2312 1176 2362 versuum
1204 2296 1723 2361 struendorum
1756 2300 2134 2379 praecepta
2162 2295 2234 2361 in
2264 2291 2547 2379 Leyibus
2577 2295 2796 2363 inve-

534 2412 852 2477 niantur.
886 2410 1070 2477 Haec
1097 2410 1391 2495 quidem
1425 2412 1632 2477 nobis
1661 2429 1804 2477 non
1839 2411 2325 2495 percensenda
2368 2415 2535 2477 sunt
2574 2428 2589 2475 :
2638 2412 2795 2479 hoc

533 2533 815 2626 tantum
843 2528 1296 2612 propositum
1324 2532 1453 2605 est,
1484 2528 1671 2612 quod
1700 2527 2053 2613 judicium
2078 2545 2387 2612 quamve
2414 2528 2791 2594 rationem

532 2644 606 2709 in
647 2643 760 2708 his
788 2642 1188 2727 praeceptis
1221 2642 1478 2708 dandis
1520 2643 1829 2728 scriptor
1859 2643 2250 2710 ostenderit
2284 2644 2679 2728 inquirere.

580 2847 586 2856 ὑ
622 2757 912 2843 Oportet
961 2775 1455 2824 memoremus
1498 2759 1570 2824 in
1621 2759 1877 2842 primis
1921 2758 2199 2825 nullam
2238 2760 2324 2825 de
2364 2758 2605 2826 verbis
2650 2768 2791 2828 aut

531 2874 618 2941 de
646 2893 721 2940 re
756 2873 1051 2940 metrica
1084 2873 1583 2957 quaestionem
1624 2894 1662 2940 a
1694 2873 2080 2942 Guillelmo
2110 2893 2267 2942 esse
2300 2877 2791 2960 praetermis-

531 3007 687 3054 sam
722 3009 738 3067 ;
785 2988 962 3072 quin
990 2988 1206 3054 etiam
1246 2989 1333 3054 de
1365 2989 1562 3054 omni
1598 3007 1671 3054 re
1713 3008 1998 3075 semper
2039 2990 2183 3057 fere
2218 2991 2500 3076 longius
2532 2991 2789 3060 disse-

530 3105 622 3174 rit
668 3122 680 3168 :
742 3103 1239 3187 pereruditum
1289 3103 1509 3188 igitur
1558 3104 1769 3170 illum
1819 3105 2063 3182 tuisse,
2120 3110 2187 3172 et
2239 3109 2427 3189 Leyes
2476 3125 2787 3192 semper

529 3218 850 3284 maximo
890 3218 1159 3283 auxilio
1200 3219 1288 3284 ad
1330 3224 1607 3284 veteres
1649 3219 1913 3303 lyricos
1957 3221 2294 3305 legendos
2343 3227 2410 3288 et
2459 3241 2787 3307 pernos-

528 3334 795 3401 cendos
849 3333 1467 3400 existimatoribus
1508 3334 1788 3401 futuras
1838 3355 1994 3402 esse
2047 3337 2563 3404 confitendum.
2628 3337 2785 3407 Sed

526 3449 612 3514 ad
649 3447 922 3531 reliqua
958 3465 1368 3532 pergamus

619 3561 844 3649 Saepe
877 3562 954 3629 fit
988 3567 1086 3639 ut,
1124 3563 1300 3629 dum
1341 3563 1615 3648 aliquid
1655 3565 1740 3633 de
1772 3566 2092 3635 oratione
2124 3574 2244 3635 aut
2276 3570 2363 3635 de
2394 3568 2783 3638 versifica-

528 3678 721 3746 tione
747 3678 1194 3762 praescribit,
1227 3677 1660 3746 Guillelmus
1687 3681 2118 3765 exquisitius
2143 3683 2496 3768 judicium
2522 3690 2781 3754 osten-

523 3896 771 3951 talduno
801 3895 1092 3966 praeclari
1133 3902 1338 3966 poetae
1364 3899 1553 3953 facete
1583 3899 1987 3968 derideantur,
2022 3902 2206 3958 nimis
2237 3910 2435 3960 tamen
2466 3908 2659 3961 multa
2691 3910 2773 3966 de

523 3980 732 4034 horum
766 3979 1029 4035 moribus
1054 3980 1356 4036 dicuntur.
1393 3983 1468 4035 V.
1503 3999 1699 4052 supra,
1734 4000 1790 4053 p.
1821 3985 1909 4051 10,
1944 4002 2002 4040 n.
2034 3987 2087 4041 2.

521 4089 645 4234 13(1).
689 4103 717 4141 «
759 4090 1131 4164 Longissime
1160 4091 1232 4150 de
1263 4093 1371 4150 hoe
1402 4093 1686 4152 disseruit
1718 4095 2101 4154 Guillelmus,
2132 4100 2207 4154 V.
2243 4101 2344 4166 111,
2378 4117 2436 4175 p.
2468 4101 2594 4168 126,
2627 4103 2765 4173 128,
