2894 4999
642 1155 1182 1236 Verumtamen
1221 1158 1353 1225 etsi
1396 1158 1626 1224 multa
1671 1158 1745 1222 in
1787 1158 1911 1224 illo
1952 1176 2164 1242 opere
2198 1157 2813 1244 reprehendenda

554 1275 915 1350 videntur,
972 1291 1185 1340 nemo
1235 1292 1380 1340 non
1435 1274 1742 1392 fateatur
1796 1292 2088 1340 necesse
2140 1278 2247 1340 est
2300 1274 2492 1341 idem
2546 1273 2812 1359 magni

557 1390 765 1474 pretii
797 1409 977 1456 esse.

643 1506 798 1572 Non
839 1507 1175 1589 equidem
1207 1506 1716 1573 contendimus
1747 1508 1939 1589 Leqes
1968 1502 2239 1570 Amoris
2269 1503 2643 1590 ingenium
2680 1505 2811 1572 cui

557 1621 733 1687 nihil
767 1621 950 1688 desit
977 1622 1065 1687 ad
1107 1621 1380 1688 litteras
1409 1627 1598 1688 recte
1632 1621 2117 1687 aestimandas
2149 1620 2467 1686 indicare
2500 1638 2513 1686 :
2560 1640 2599 1685 a
2637 1621 2810 1687 viro

554 1737 1047 1804 eruditissimo
1088 1743 1155 1804 et
1209 1737 1541 1804 omnium
1583 1755 1830 1803 rerum
1870 1737 1959 1803 ad
2014 1742 2241 1803 artem
2284 1735 2680 1802 verborum
2733 1742 2807 1805 et

554 1870 903 1920 versuum
945 1853 1622 1937 componendorum
1676 1851 2197 1936 pertinentium
2246 1851 2475 1937 perito
2523 1851 2809 1938 scripta

554 1973 725 2035 sunt
771 1987 783 2033 :
849 1968 974 2034 sed
1014 1968 1205 2035 idem
1261 1967 1693 2052 plerumque
1733 1986 1815 2033 ea
1856 1986 2038 2052 quae
2092 1967 2179 2034 de
2232 1966 2427 2051 poesi
2478 1966 2808 2050 majores

552 2085 998 2151 tradiderant
1051 2083 1337 2149 fidelius
1393 2082 1732 2158 servavit,
1788 2082 1946 2161 etsi,
1991 2100 2163 2149 cum
2201 2081 2410 2148 bonis
2466 2082 2807 2151 moribus

551 2205 620 2268 et
662 2199 993 2285 religioni
1032 2199 1385 2266 inservire
1421 2201 1739 2282 cuperet,
1786 2199 2176 2281 quamdam
2221 2197 2805 2266 moderationem

552 2315 627 2381 in
656 2316 1020 2383 veteribus
1060 2314 1306 2398 lyricis
1340 2313 1721 2379 laudandis
1762 2313 2116 2379 adhibuit.

645 2429 782 2497 Sed
809 2431 895 2497 de
937 2429 1312 2496 nonnullis
1353 2428 1571 2495 rebus
1613 2428 1975 2514 sapienter
2006 2427 2224 2494 simul
2257 2433 2324 2495 et
2356 2388 2579 2494 libere
2608 2428 2804 2515 judi·

550 2549 763 2615 cavit.
828 2546 1396 2613 Provincialium
1453 2544 1649 2612 enim
1715 2545 2109 2629 lyricorum
2174 2544 2528 2629 quaedam
2589 2545 2794 2623 vitia,

553 2682 723 2731 cum
759 2663 932 2749 quid
972 2681 1058 2729 ex
1100 2661 1214 2727 his
1249 2664 1575 2728 manaret
1620 2678 1763 2726 non
1803 2660 1977 2726 satis
2018 2677 2305 2745 semper
2339 2659 2794 2741 discreverit,

552 2785 801 2846 notare
842 2784 1084 2845 tamen
1119 2794 1265 2842 non
1293 2775 1672 2842 dubitavit.

641 2894 822 2961 Tum
856 2911 1027 2961 vero
1057 2911 1228 2959 cum
1256 2893 1342 2959 de
1370 2891 1608 2976 poesis
1636 2891 1706 2957 vi
1739 2891 2015 2957 ratione
2041 2891 2349 2968 disserit,
2385 2890 2628 2957 videre
2654 2896 2792 2968 est,

555 3011 614 3079 si
675 3029 789 3077 res
848 3010 921 3074 in
993 3007 1418 3075 universum
1491 3006 1856 3091 respiciaS‚
1925 3005 2394 3073 Guillelmum
2460 3010 2796 3073 veterum

554 3130 930 3211 poetarum
968 3123 1229 3208 placita
1262 3122 1665 3206 sumpsisse
1696 3128 1763 3188 et
1805 3123 1997 3206 leges
2030 3141 2199 3188 suas
2241 3121 2673 3206 plerumque
2706 3140 2797 3188 ex

553 3242 847 3307 illorum
878 3239 1233 3323 exemplis
1275 3238 1482 3322 quasi
1523 3237 1990 3322 expressisse.

642 3355 840 3435 Quod
872 3373 1040 3421 cum
1084 3354 1179 3420 ita
1220 3353 1309 3419 sit
1342 3389 1428 3398 ——
1466 3352 1937 3419 Guillelmum
1970 3359 2211 3420 autem
2245 3353 2485 3437 ipsum
2519 3352 2592 3418 id
2634 3371 2799 3438 pro-

552 3472 827 3538 fessum
881 3488 1038 3537 esse
1079 3488 1300 3553 supra
1341 3468 1616 3535 dictum
1666 3469 1803 3535 est·¹
1850 3505 1936 3515 -—
1975 3469 2169 3534 haud
2225 3485 2487 3551 magna
2543 3486 2796 3533 rerum

554 3586 838 3652 novitas
872 3585 943 3649 in
977 3584 1114 3652 hoc
1155 3601 1368 3668 opere
1399 3589 1507 3650 est
1539 3584 1995 3667 requirenda.
2036 3583 2220 3650 Satis
2253 3584 2339 3649 sit
2372 3582 2797 3649 existiman-

554 3701 748 3768 tibus
811 3698 1297 3777 Molinarium‚
1372 3699 1709 3784 quamvis
1777 3700 2083 3766 libenter
2146 3716 2291 3764 non
2320 3758 2323 3761 .
2355 3698 2599 3776 rebuS,
2670 3698 2793 3764 sed

554 3815 793 3883 verbis
846 3820 914 3882 et
969 3814 1324 3893 versibuS,
1371 3819 1702 3882 veterum
1751 3816 2081 3900 exempla
2136 3818 2451 3888 secutus,
2515 3813 2796 3897 priores

555 3936 797 4016 partes
837 3930 1192 4007 tribuerit,
1253 3931 1441 3997 hanc
1495 3930 1899 3996 doctrinam
1942 3930 2315 3997 meliorem
2368 3928 2528 3994 fieri
2583 3947 2797 4014 posse

555 4048 921 4116 interdum
961 4046 1254 4114 dixisse.

624 4244 678 4300 1.
718 4243 797 4298 V.
829 4258 888 4313 p.
921 4241 1010 4297 52.
