2894 4999
1560 413 1659 431 ...-
1698 368 1780 450 13
1828 416 1914 430 -.

709 576 1093 666 Reliquum
1139 584 1380 645 autem
1422 596 1741 655 carmen,
1792 597 1959 645 cum
2009 579 2095 645 de
2140 579 2390 645 eadem
2433 574 2824 664 quaestione

622 716 767 765 non
822 697 936 773 sit,
993 696 1246 762 afferre
1301 694 1555 761 inutile
1612 680 1895 761 videtur
1940 716 1953 772 ;
2014 694 2192 761 adde
2242 695 2433 779 quod
2488 696 2695 763 verba
2744 696 2825 761 ita

620 815 927 881 obscura
959 812 1033 877 in
1072 817 1395 878 extrema
1427 816 1629 895 parte
1669 816 1861 889 sunt,
1902 816 1979 877 ut
2019 811 2256 877 adhuc
2297 812 2407 878 vel
2450 811 2823 879 acutissimi

619 927 1071 1015 grammatici
1102 945 1181 994 ea
1224 926 1681 1011 interpretari
1713 944 1859 993 non
1892 926 2275 993 valuerint.

712 1044 979 1111 Saltem
1013 1042 1378 1128 quomodo
1407 1041 1757 1109 Geraldus
1788 1047 1856 1108 et
1887 1040 2328 1110 Rambaldus
2359 1044 2447 1110 de
2479 1062 2553 1110 re
2584 1060 2823 1129 propo-

619 1162 755 1229 sita
781 1160 1101 1246 judicent
1128 1158 1375 1243 liquet.
1408 1158 1655 1242 Itaque
1686 1158 2107 1243 disceptatio
2140 1160 2261 1225 illa
2292 1160 2508 1245 digna
2534 1164 2637 1226 est
2666 1175 2823 1243 quae

621 1282 1087 1357 memoretur,
1134 1276 1325 1361 quod
1371 1275 1640 1342 indicat
1684 1276 1949 1361 lyricos
1994 1282 2151 1343 tum
2193 1277 2557 1344 interdum
2599 1276 2823 1343 existi-

620 1393 916 1460 matoris
935 1392 1169 1459 officio
1187 1392 1390 1477 iungi
1408 1392 1695 1458 adortos
1714 1368 1898 1471 esse„
1919 1399 1995 1460 ut
2029 1393 2455 1478 semetipsos
2478 1398 2824 1477 artemque

618 1528 826 1575 suam
860 1508 1350 1576 aestimarent.
1387 1505 1645 1587 Quales
1674 1526 1843 1575 vero
1874 1508 2402 1576 existimatores
2432 1528 2515 1590 se,
2538 1509 2824 1594 praebu-

617 1626 804 1693 erint
832 1624 1017 1691 intra
1057 1625 1408 1691 dicemus,

704 1740 840 1809 Sed
873 1759 1018 1808 non
1059 1740 1134 1807 in
1173 1740 1298 1806 illo
1339 1745 1624 1807 tantum
1660 1740 1981 1807 carmine
2012 1741 2099 1808 de
2130 1742 2381 1809 eadem
2414 1760 2489 1809 re
2520 1740 2823 1825 disputa-

616 1862 771 1924 tum
835 1862 941 1924 est
989 1875 1001 1923 :
1064 1856 1210 1922 imo
1278 1856 1486 1941 lyrici
1544 1856 1731 1922 hanc
1772 1857 1872 1953 ’in
1932 1857 2306 1924 nonnullis
2373 1856 2817 1954 carminibus,

615 1991 1034 2057 quanquam
1100 1973 1276 2040 haec
1339 1974 1426 2040 de
1494 1980 1645 2040 arte
1709 1974 1982 2059 poetica
2050 1974 2338 2060 proprie
2406 1992 2551 2041 non
2613 1975 2818 2047 erant,

613 2088 1022 2157 accuratius
1063 2090 1494 2173 perscrutati
1536 2094 1731 2156 sunt.

611 2397 766 2453 tanti
798 2397 946 2453 facis
969 2397 1124 2467 quod
1144 2396 1422 2452 omnibus
1454 2401 1541 2451 est
1563 2413 1878 2452 commune
1898 2394 1929 2451 ‘?
1958 2397 2140 2465 Nam,
2170 2398 2219 2452 si
2249 2414 2342 2453 res
2372 2397 2459 2453 ita
2488 2414 2549 2453 se
2579 2397 2818 2459 haberet,

610 2498 816 2538 omnes
846 2499 1014 2554 pares
1047 2488 1262 2538 essent.
1298 2496 1327 2536 ))

681 2595 754 2649 11.
790 2608 818 2647 «
850 2593 1108 2649 Domine
1137 2591 1465 2655 Linhaare,
1512 2592 1669 2647 haud
1700 2592 1977 2662 equidem
2008 2609 2179 2662 aegre
2208 2594 2329 2648 fero
2358 2605 2822 2663 unumquemque

610 2693 816 2734 versus
855 2677 1104 2732 arbitrio
1148 2693 1251 2731 suo
1291 2692 1642 2745 componere
1675 2693 1688 2743 ;
1730 2691 1939 2729 verum
1970 2675 2032 2729 id
2073 2680 2309 2731 tantum
2350 2676 2571 2746 judico,
2604 2687 2821 2731 carmen

613 2763 830 2818 leviter
855 2761 1332 2832 simpliciterque
1363 2760 1670 2815 conditum
1704 2760 1893 2829 magis
1923 2762 2156 2830 placere
2186 2765 2245 2815 et
2270 2760 2463 2831 pluris
2493 2757 2819 2816 aestimari:

613 2847 735 2903 noli
768 2848 879 2902 hoc
909 2846 1063 2900 mihi
1093 2845 1245 2900 vitio
1271 2849 1521 2900 vertere.
1558 2858 1587 2897 »

682 2959 784 3014 111.
816 2972 844 3011 «
875 2955 1148 3022 Geralde‚
1179 2958 1332 3023 n010‚
1358 2973 1491 3010 eum
1521 2973 1726 3010 versus
1754 2954 1874 3010 mei
1904 2955 2059 3011 tanti
2090 2956 2320 3011 sudoris
2345 2955 2489 3023 sint,
2517 2955 2581 3011 id
2606 2960 2820 3012 tantum

612 3042 892 3112 consequi
922 3046 989 3097 ut
1019 3043 1246 3096 malum
1279 3045 1338 3096 et
1377 3041 1620 3107 bonum,
1653 3056 1839 3110 parva
1868 3045 1927 3095 et
1960 3057 2177 3110 magna
2214 3046 2635 3112 exaequentur.
2666 3041 2820 3096 Nun-

611 3145 789 3198 quam
823 3144 916 3182 me
946 3126 1118 3182 stulti
1149 3126 1501 3193 laudabunt,
1528 3142 1665 3180 nam
1698 3125 1801 3180 isti
1828 3142 2019 3196 neque
2049 3131 2343 3181 noverunt
2370 3124 2514 3197 quid
2544 3123 2818 3196 pretiosis·

609 3213 830 3266 simum
862 3212 959 3266 vel
990 3210 1285 3281 optimum
1318 3210 1417 3277 sit,
1452 3227 1641 3279 neque
1672 3209 1735 3264 id
1766 3215 1996 3266 curant.
2032 3225 2060 3264 ›)

682 3325 783 3378 1V.
837 3337 865 3376 «
915 3321 1246 3385 Linlzaure‚
1311 3321 1361 3377 si
1419 3338 1485 3376 eo
1543 3321 1790 3377 consilio
1853 3322 1916 3388 (i.
1972 3341 2022 3378 e.
2075 3327 2141 3379 ut
2201 3339 2406 3379 versus
2458 3321 2820 3378 dilucidiores

609 3408 852 3472 faciam)
883 3406 1176 3477 pervigilo
1218 3412 1278 3462 et
1306 3407 1495 3462 otium
1539 3406 1691 3461 mihi
1732 3407 1795 3461 in
1836 3408 2098 3464 laborem
2139 3409 2413 3476 vertitur,
2457 3425 2601 3464 num
2636 3407 2821 3463 videor

611 3492 874 3548 laborem
920 3489 1242 3547 formidare
1273 3489 1304 3546 ‘?
1353 3490 1474 3546 Cur
1521 3508 1725 3546 versus
1774 3493 1999 3558 condis,
2050 3493 2100 3548 si
2156 3493 2267 3548 tibi
2316 3493 2597 3563 displicet
2636 3502 2821 3548 omnes

613 3577 717 3631 hos
793 3575 1064 3645 protinus
1135 3575 1286 3630 scire
1329 3572 1360 3629 ⁶?
1429 3575 1671 3631 Etenim
1752 3576 1943 3646 poesis
2009 3579 2243 3632 nullum
2310 3577 2527 3632 alium'
2579 3579 2818 3632 fructum

608 3663 742 3716 fert.
783 3675 811 3714 »

677 3774 753 3826 V.
785 3785 814 3824 (t
849 3771 1122 3838 Geralde‚
1146 3771 1470 3826 dummodo
1500 3771 1565 3826 in
1591 3789 1656 3827 eo
1678 3773 1831 3843 quod
1852 3773 2148 3843 optimum
2178 3777 2266 3829 est
2296 3773 2578 3841 laborem,
2602 3776 2659 3828 et
2684 3766 2817 3828 illud

607 3857 843 3914 assidue
873 3856 1069 3911 dicam
1101 3861 1161 3912 et
1190 3856 1253 3910 in
1281 3859 1496 3926 vulgus
1527 3857 1825 3924 emittam,
1856 3859 2026 3929 parvi
2060 3876 2192 3915 mea
2216 3860 2397 3914 refert
2422 3858 2484 3913 id
2511 3875 2623 3914 non
2657 3857 2819 3914 latius

607 3958 904 3998 emanare.
955 3942 1282 4010 Nunquam
1333 3941 1494 3996 enim
1551 3942 1704 4012 quod
1751 3943 2119 3998 vilissimum
2170 3949 2258 4000 est
2306 3944 2370 3998 in
2423 3943 2612 4014 pretio
2659 3942 2768 3997 fuit
2805 3953 2817 4002 ;

605 4027 808 4096 itaque
838 4042 1050 4081 aurum
1077 4025 1267 4096 pluris
1299 4043 1478 4096 quam
1506 4029 1593 4082 sal
1625 4027 1979 4083 aestimatur
2006 4046 2019 4084 ε
2053 4029 2337 4084 similiter
2366 4028 2439 4083 de
2469 4027 2816 4084 carminibus

605 4110 1007 4166 existimatur.
1043 4125 1072 4164 ))
1119 4109 1346 4179 (Aram
1377 4112 1572 4186 plats,
1610 4111 1874 4168 Gairaut
1912 4111 1983 4168 de
2020 4113 2310 4179 Bor-neth,
2354 4130 2413 4168 v.
2454 4114 2483 4168 1
2526 4117 2585 4168 et
2622 4127 2729 4182 s.q,
2759 4119 2818 4164 ex

605 4196 914 4265 Kolseni0‚
948 4213 1040 4272 op.
1075 4194 1267 4261 laud„
1301 4212 1359 4268 p.
1392 4194 1508 4263 83.)
