2894 4999
993 435 1348 508 -69—

75 640 194 700 tur.
238 634 488 702 Nonne
537 636 733 703 enim
775 637 1034 705 iterum
1077 639 1408 705 eamdem
1450 657 1604 705 rem
1656 639 2040 725 eloquitur,
2087 659 2280 718 cum,

73 756 435 836 postquam
475 752 655 818 dixit
705 753 981 837 poesim
1033 755 1191 821 ideo
1241 755 1614 821 inventam
1655 773 1812 822 esse
1863 761 1939 822 ut
1981 755 2287 842 quisque

71 870 238 932 recte
298 873 368 933 et
431 867 574 934 cito
631 875 814 953 opus
879 870 1179 936 recitare
1248 876 1513 955 posset,
1583 871 1779 938 addit
1838 890 1965 956 per
2026 871 2287 939 verbo-

71 1001 212 1047 rum
279 988 718 1050 concentum
778 985 996 1051 verba
1059 985 1214 1070 ipsa
1296 985 1559 1052 melius
1637 986 1709 1051 in
1768 985 2011 1052 animo
2074 986 2286 1072 defigi

68 1097 274 1165 solere
305 1096 344 1164 ⁶?

140 1213 481 1281 Eamdem
517 1214 1120 1299 vituperationem
1162 1217 1355 1283 subit
1387 1217 1475 1283 ob
1515 1235 1598 1284 ea
1638 1235 1819 1302 quae
1850 1235 1935 1284 ex
1970 1218 2285 1302 quodam

69 1329 340 1412 quintae
373 1329 598 1414 partis
631 1330 786 1398 loco
816 1332 964 1416 jam
1003 1349 1503 1417 excerpemuS.
1542 1331 1845 1418 Exponit
1878 1337 2120 1399 autem
2150 1325 2290 1400 cur

71 1444 194 1510 sint
226 1445 352 1531 qui
381 1463 669 1512 summa
702 1446 1121 1513 difficultate
1149 1448 1466 1513 scribant
1494 1453 1562 1514 et
1594 1449 1955 1532 quomodo
1987 1448 2156 1514 huic
2182 1447 2285 1513 rei

68 1560 326 1626 occurri
375 1561 626 1645 possit.
663 1561 988 1628 Primum
1020 1563 1212 1629 enim
1247 1563 1641 1630 nonnullos
1682 1562 2014 1629 homines
2048 1562 2283 1647 poesis

69 1676 276 1742 taedio
306 1675 494 1770 capi,
533 1677 724 1761 quod
767 1683 1025 1743 natura
1067 1678 1415 1744 tardiores
1445 1683 1516 1745 et
1547 1678 1876 1744 duriores
1917 1678 2005 1744 ad
2045 1679 2283 1744 studia

66 1790 205 1868 sint,
243 1791 558 1858 affirmat
597 1809 610 1857 :

138 1926 166 1969 «
218 1905 464 1992 Alqun
493 1907 708 1974 home
741 1925 871 1975 son
900 1909 1186 1993 enayssi
1214 1910 1389 1976 durs
1418 1928 1556 1994 que
1584 1930 1622 1976 a
1650 1928 1873 1995 penas
1904 1910 2138 1994 podon
2174 1908 2282 1975 far

65 2022 342 2087 acor-dar
385 2041 470 2088 us
505 2027 651 2089 mot
694 2023 782 2089 ab
822 2029 1024 2090 autre
1055 2045 1071 2104 3
1118 2044 1154 2090 e
1196 2043 1424 2110 pueys
1466 2043 1593 2110 per
1632 2025 1700 2091 la
1741 2043 1919 2110 gran
1960 2025 2280 2110 flaqueza

63 2153 178 2218 que
208 2137 358 2203 han
392 2137 481 2203 ad
509 2156 720 2222 aysso
751 2138 881 2218 iar,
916 2140 963 2205 il
998 2158 1293 2207 remano
1321 2158 1523 2207 coma
1556 2141 1836 2224 quaysh
1869 2141 2280 2224 dezesperat

61 2251 323 2337 d’aysso
377 2253 546 2330 iar;
615 2273 652 2320 e
707 2257 983 2340 pueysh
1045 2237 1411 2341 d'aquesta
1471 2257 1986 2340 dezesperansa
2047 2256 2278 2340 naysh

59 2373 396 2453 mespretz
441 2390 457 2447 ;
519 2369 581 2435 si
623 2389 761 2454 que
802 2377 1054 2455 aquest
1095 2372 1303 2438 saber
1351 2372 1497 2437 han
1546 2390 1634 2437 en
1686 2375 2041 2454 mespretz
2090 2389 2129 2436 e
2169 2370 2278 2436 lor

57 2481 381 2569 desplatz,
423 2504 605 2569 quar
647 2503 869 2552 vezon
901 2505 1039 2571 que
1072 2485 1119 2552 il
1163 2504 1256 2552 no
1296 2486 1535 2571 podon
1567 2484 1866 2553 atenher
1897 2485 1985 2551 ad
2026 2488 2279 2569 aquest

55 2598 303 2666 saber¹.
344 2620 376 2663 »

123 2713 282 2792 Sed,
338 2720 414 2781 ut
456 2715 573 2792 ait,
620 2716 840 2782 iidem
881 2717 1075 2802 poesi
1119 2718 1648 2785 delectarentur
1690 2717 1747 2783 si
1790 2717 2005 2801 paulo
2046 2716 2276 2800 magis

55 2826 367 2896 laborare
389 2831 683 2898 vellent.
711 2831 891 2898 Nam
921 2852 1346 2918 persuasum
1375 2833 1590 2899 habet
1612 2849 1864 2899 omnes
1886 2850 2007 2899 eos
2030 2837 2275 2917 poetas

51 2945 340 3013 evadere
374 2965 585 3031 posse
618 2948 743 3032 qui
787 2949 1000 3015 verba
1041 2949 1228 3014 inter
1259 2966 1334 3014 se
1371 2948 1825 3014 concinentia
1859 2947 2218 3032 reperiant
2256 2965 2269 3012 :

55 3060 207 3126 nihil
241 3066 495 3128 autem
531 3062 670 3129 nisi
712 3065 931 3130 verba
970 3051 1303 3130 similiter
1329 3062 1730 3129 desinentia
1759 3060 1880 3147 (les
1917 3058 2153 3147 rimas)
2190 3079 2275 3129 eo

51 3172 180 3242 loco
208 3176 603 3262 significat.
649 3178 915 3245 Deinde
945 3179 1122 3245 haec
1153 3179 1347 3245 addit
1384 3196 1397 3244 :

123 3310 152 3353 «
205 3290 407 3371 Quar
455 3309 598 3358 non
643 3310 720 3358 es
760 3293 984 3376 degus
1030 3294 1263 3371 homS,
1311 3311 1439 3378 per
1479 3297 1647 3360 cant
1687 3311 1825 3377 que
1866 3292 1970 3359 sia
2010 3292 2187 3359 durs
2236 3310 2275 3358 e

51 3407 272 3486 rudes,
327 3424 492 3491 que,
540 3406 599 3473 si
640 3407 757 3474 vol
816 3427 911 3474 un
970 3408 1143 3493 petit
1183 3408 1497 3475 cossirar
1535 3426 1571 3474 e
1625 3406 1990 3473 trebalhar
2037 3426 2127 3474 en
2168 3407 2275 3473 far

49 3524 475 3591 acordansas
516 3523 602 3590 de
642 3528 831 3591 motz
872 3544 909 3592 e
949 3526 1033 3591 de
1075 3523 1434 3609 paraulas,
1485 3542 1622 3608 que
1674 3540 1817 3591 non
1866 3524 1960 3590 ho
2009 3540 2274 3610 puesca

99 3798 146 3854 1.
189 3814 219 3851 (ι
261 3795 569 3854 Nonnulli
601 3799 725 3851 tam
767 3796 932 3851 tardo
964 3796 1203 3865 ingenio
1237 3801 1378 3853 sunt
1407 3801 1474 3852 ut
1503 3796 1611 3852 vix
1640 3797 1888 3852 verbum
1923 3795 2102 3851 verbo
2131 3812 2272 3850 con-

45 3888 310 3949 gruenter
341 3881 621 3951 copulare
648 3880 876 3950 possint
905 3897 918 3947 ;
959 3880 1176 3935 deinde
1202 3881 1276 3936 ob
1305 3898 1585 3951 magnam
1614 3881 1676 3935 in
1708 3882 1818 3936 hoc
1848 3880 2120 3935 faciendo
2150 3886 2273 3935 tar-

41 3964 300 4033 ditatem,
354 3965 525 4037 quasi
568 3965 761 4035 operis
808 3965 1156 4035 perficiendi
1206 3983 1371 4037 spem
1421 3966 1739 4035 abjiciunt,
1786 3965 2002 4020 deinde
2046 3981 2117 4019 ex
2156 3964 2281 4035 ista·

43 4052 211 4107 animi
247 4050 622 4107 demissione
647 4054 1024 4119 contemptus
1055 4050 1313 4116 exsistit,
1340 4055 1407 4106 ut
1434 4051 1605 4105 illam
1633 4054 1821 4104 artem
1849 4047 2185 4118 despiciant
2214 4052 2272 4103 et

43 4134 278 4202 oderint,
312 4152 454 4190 cum
486 4150 548 4190 se
573 4134 648 4192 ad
675 4134 945 4193 eamdem
977 4135 1290 4210 pervenire
1323 4151 1437 4191 non
1470 4151 1637 4213 posse
1662 4134 2038 4212 intellegant.
2070 4148 2099 4187 »
2142 4133 2268 4206 (ΙΙΙ,

41 4232 84 4289 p.
111 4220 258 4291 360).
