2894 4999
2697 10 2885 343 i

1562 396 1914 503 ..ᾗῇ-.-

621 602 919 683 d’amor.
977 616 1109 686 Per
1148 633 1286 700 que
1327 633 1473 688 non
1514 616 1726 691 avian
1780 616 1991 697 sahor
2044 619 2246 692 entre
2298 614 2367 685 la
2418 632 2587 699 gen,
2648 613 2837 681 nino

619 731 824 798 soron
853 731 1192 799 cantadas
1221 731 1294 799 ni
1333 732 1721 817 grazidas¹.
1764 753 1795 797 »

708 846 892 913 Illud
932 851 1172 913 autem
1213 846 1589 931 judicium,
1628 848 1820 933 quod
1851 848 1937 915 de
1978 846 2426 913 sirventesiis
2467 845 2830 915 Bertrandi

620 962 1005 1047 Bornensis
1071 967 1140 1041 et
1218 962 1305 1034 ,de
1375 963 1835 1045 cautionibus
1902 962 2186 1043 Geraldi
2267 962 2759 1037 Borneliensis
2806 980 2838 1026 a
2882 1002 2884 1015 2

619 1078 965 1163 quodam·
1013 1077 1461 1163 Aragonensi
1531 1096 1698 1164 rege
1764 1079 1992 1161 latum
2059 1083 2191 1157 est,
2265 1078 2383 1157 hic
2446 1082 2839 1164 opportune
2882 1064 2884 1071 ’

618 1193 1210 1275 memorabimus,
1275 1194 1613 1279 quamvis
1668 1199 1922 1278 notum
1986 1193 2077 1265 sit
2120 1211 2135 1259 z
2173 1193 2248 1267 in
2278 1194 2657 1273 Bertrandi
2708 1192 2835 1261 vita

616 1308 926 1395 legimus
969 1326 982 1375 :

708 1446 740 1497 ς(
793 1424 965 1496 Molt
1013 1426 1081 1492 fo
1129 1425 1311 1493 bons
1361 1425 1673 1501 trobaire
1726 1427 1812 1495 de
1862 1426 2240 1504 sirventeS,
2295 1430 2364 1493 et
2417 1444 2555 1496 auc
2606 1442 2702 1495 no
2747 1423 2835 1489 ies

615 1542 927 1615 ehensos
957 1540 1106 1609 fors
1137 1542 1332 1609 doas.
1373 1541 1449 1609 El
1491 1542 1631 1625 reis
1659 1541 1964 1629 d'Arago
1991 1543 2207 1611 donet
2233 1560 2360 1627 per
2389 1542 2717 1611 molhers
2747 1540 2836 1605 las
2881 1560 2884 1625 j

613 1659 978 1726 chansons
1018 1656 1179 1725 d’en
1205 1657 1507 1725 Guiraut
1539 1658 1625 1725 de
1665 1657 1976 1725 Bornelh
2016 1677 2054 1724 a
2096 1676 2215 1725 sos
2254 1658 2676 1726 sirventes².
2711 1676 2742 1721 »
2882 1664 2884 1669 ·

703 1772 885 1853 Fieri
938 1790 1084 1849 non
1143 1773 1375 1859 potuit
1431 1778 1506 1840 ut
1562 1774 1648 1851 de
1702 1772 1846 1844 illis
1899 1774 2183 1855 duobus
2242 1769 2831 1860 praeclarissimis
2882 1800 2884 1869 3

614 1889 844 1978 poetis
885 1889 1157 1975 maiore
1197 1889 1583 1962 festivitate
1622 1895 1691 1957 et
1732 1887 2029 1972 veritate
2079 1890 2646 1969 existimaretur,
2682 1902 2829 1953 cum

614 2024 828 2074 nemo
869 2004 1348 2073 Bertrandum
1376 2005 1471 2084 vi,
1510 2004 1800 2081 lenitate
1832 2004 2220 2076 Geraldum
2252 2006 2643 2093 superarit.
2881 2004 2884 2013 “

705 2120 835 2203 Qui
897 2122 1085 2189 Petri
1145 2120 1504 2207 Valeriani
1570 2121 1792 2192 vitam
1856 2122 2146 2207 scripsit
2206 2123 2293 2199 de
2354 2122 2492 2188 hoc
2554 2116 2828 2207 gravius
2882 2178 2884 2207 ,

614 2238 900 2306 locutus
930 2242 1036 2306 est
1073 2256 1086 2304 :
1133 2238 1326 2322 quod
1365 2237 1718 2323 judicium
1760 2237 2059 2323 majoris
2090 2238 2306 2321 etiam
2332 2243 2439 2306 est
2466 2231 2823 2309 momenti,
2881 2208 2884 2247 ¹

615 2354 783 2440 quia
824 2354 1140 2433 breviter
1179 2354 1474 2439 quidem
1515 2354 1640 2423 sed
1693 2359 1883 2431 recte
1931 2354 2190 2437 vitium
2231 2354 2636 2428 multorum
2676 2350 2827 2416 Pro·
2881 2368 2884 2461 Ι

613 2469 1033 2538 vincialium
1075 2469 1473 2556 lyricorum
1506 2487 1896 2546 commune
1927 2470 2333 2556 significare
2360 2474 2429 2549 et
2460 2467 2825 2556 reprehen-

611 2587 778 2656 dere
805 2586 1089 2661 videtur
1120 2604 1134 2652 :
2350 2593 2357 2599 ·

702 2722 736 2778 ς(
789 2701 838 2770 Ε
877 2703 980 2780 tez
1030 2720 1194 2775 vers
1243 2702 1380 2770 tals
1429 2720 1593 2771 com
1642 2702 1816 2785 hom
1870 2702 2049 2788 {azia
2088 2703 2377 2786 udones,
2434 2702 2521 2772 de
2570 2698 2823 2787 paubra

611 2818 835 2896 valor,
870 2819 955 2885 de
982 2818 1216 2885 foillas
1248 2836 1285 2885 e
1313 2819 1400 2885 de
1426 2817 1623 2897 ssorS‚
1651 2837 1688 2885 e
1715 2819 1802 2885 de
1828 2837 2001 2885 cans
2026 2837 2065 2896 e
2096 2818 2430 2897 d'ausels.
2450 2817 2567 2893 Sei
2598 2817 2820 2885 cantat

611 2951 756 3023 uon
797 2951 1022 3020 agron
1062 2952 1240 3020 gran
1282 2933 1485 3002 valor
1526 2934 1602 3003 ni
1641 2934 1767 3017 eP.
1804 2955 1835 3002 »
2878 3017 2880 3022 1

698 3049 1040 3135 Denique,
1087 3049 1260 3134 quid
1300 3049 1386 3116 de
1425 3049 1823 3135 lyricorum
1863 3049 2212 3136 principis
2252 3050 2506 3136 ipsiuS,
2553 3040 2817 3118 Geraldi
2878 3027 2880 3054 ⁷

610 3165 1093 3233 Borneliensis
1116 3165 1306 3232 fama
1327 3165 1402 3232 in
1425 3165 1647 3250 hujus
1669 3166 1813 3233 vita
1837 3166 2179 3240 traditum
2204 3166 2294 3234 sit
2318 3176 2811 3235 memoremus:
2876 3193 2878 3196 <

676 3413 728 3468 1.
773 3429 801 3467 «
844 3412 1184 3480 Cantiones‚
1212 3431 1418 3470 versus
1453 3413 1682 3469 ratione
1724 3413 2031 3469 condendo
2062 3413 2205 3470 fecit
2234 3431 2248 3483 ;
2290 3415 2391 3469 sed
2424 3416 2555 3484 hae,
2589 3412 2726 3487 quia
2752 3419 2811 3464 ex

609 3513 810 3554 amore
854 3515 972 3553 non
1017 3498 1565 3571 proficiscebantur,
1617 3515 1725 3553 nec
1772 3502 2047 3554 cantatae
2094 3503 2233 3554 sunt
2280 3515 2389 3556 nec
2417 3500 2815 3571 placuerunt»

608 3585 688 3656 (p.
718 3582 830 3650 49).

680 3694 732 3749 2.
777 3709 807 3747 ((
849 3694 1095 3765 Optime
1139 3693 1523 3751 sit-ventesios
1564 3693 1833 3749 condidit
1867 3710 1879 3762 3
1922 3693 2022 3748 sed
2066 3691 2213 3749 duas
2256 3697 2493 3750 tantum
2535 3694 2814 3752 cantiones

608 3779 770 3834 fecit.
814 3779 891 3834 Et
937 3796 1041 3833 rex
1081 3779 1481 3849 Aragoneneis
1525 3778 1831 3834 cantiones
1868 3778 2099 3833 domini
2142 3779 2385 3836 Geraldi
2433 3773 2811 3838 Borneliensis

607 3863 980 3919 sirventesiis
1010 3864 1330 3920 Bertrandi
1361 3864 1566 3934 junxit
1596 3879 1625 3916 »
1666 3866 1747 3934 (p.
1780 3864 1891 3929 17).

679 3975 731 4029 3.
777 3989 805 4027 «
847 3975 924 4030 Et
963 3975 1234 4030 condidit
1263 3992 1469 4032 versus
1509 3977 1657 4031 tales
1698 3977 1901 4045 quales
1940 3979 2067 4030 tum
2102 3975 2276 4031 condi
2316 3976 2605 4045 solebant,
2645 3974 2702 4032 id
2739 3970 2809 4026 est

608 4060 780 4130 parvi
806 4060 1007 4131 pretii,
1040 4061 1113 4115 de
1141 4060 1323 4127 foliis,
1353 4061 1425 4115 de
1451 4060 1714 4128 floribuS‚
1743 4059 1815 4114 de
1845 4060 2141 4127 cantibu8,
2174 4059 2247 4116 de
2275 4060 2488 4117 avibus
2516 4079 2529 4118 ε
2573 4078 2679 4118 nec
2705 4057 2810 4126 ejus

608 4143 878 4216 carmina
917 4144 1120 4215 magni
1159 4144 1478 4209 aestimata
1516 4149 1676 4213 sunt,
1718 4161 1827 4208 nec
1865 4143 1993 4215 ipse
2030 4143 2235 4214 magni
2277 4145 2629 4210 aestimatus
2674 4144 2753 4204 est
2781 4150 2804 4188 ν

609 4231 690 4301 (p.
723 4227 834 4296 10).
