2894 4999
1019 387 1370 454 ...11-

77 586 432 653 momenti
471 591 537 652 et
583 585 724 671 jam
770 586 857 651 ab
897 585 1356 652 Australibus
1403 584 1578 670 ipsis
1623 585 1698 651 in
1738 584 2307 651 controversiam

10 760 12 773 .
76 702 462 770 artificiose
493 702 799 768 adducta
831 702 944 768 sit.
1906 706 1909 709 “

349 1006 409 1072 1.
479 1004 657 1085 Quid
707 1006 793 1073 de
842 1006 1148 1073 obscuro
1198 1024 1458 1091 genere
1507 1024 1593 1071 ex
1643 1004 2038 1090 lyricorum

586 1123 924 1207 operibus
973 1122 1322 1207 comperti
1373 1122 1794 1188 habeamus.

10 1382 40 1399 ’·
163 1371 456 1439 Jamdiu
487 1372 820 1457 equidem
861 1372 1434 1438 demonstratum
1470 1372 1607 1437 est¹
1646 1371 1884 1438 nullas
1927 1377 2303 1457 poetarum

10 1556 12 1559 ,
71 1488 389 1555 familias
431 1489 620 1573 apud
654 1488 1136 1554 Provinciales
1168 1488 1412 1565 fuisse,
1450 1506 1619 1554 cum
1662 1488 1924 1554 horum
1968 1507 2181 1555 nemo
2221 1508 2305 1557 ex

71 1606 300 1673 ullius
335 1604 659 1689 magistri
693 1604 1072 1688 disciplina
1103 1603 1465 1688 profectus
1499 1604 1570 1669 in
1601 1604 1855 1670 litteris
1882 1584 2302 1671 elaboraret.

72 1720 236 1799 Sed,
279 1720 339 1786 si
373 1738 627 1792 verum
662 1719 860 1803 loqui
891 1719 1252 1795 volumus,
1291 1719 1818 1803 antiquissimis
1846 1720 1991 1806 jam
2025 1725 2307 1804 tempo-

69 1837 279 1903 ribus
307 1836 515 1921 lyrici
549 1840 796 1920 poetae
829 1836 1014 1901 inter
1047 1854 1120 1901 se
1149 1835 1671 1913 dissenserunt,
1706 1836 1879 1900 dum
1908 1835 2027 1901 alii
2056 1836 2308 1902 obscu-

69 1972 240 2020 rum
274 1952 557 2019 dicendi
586 1970 816 2037 genus
842 1950 871 2035 (
877 1948 1112 2016 trahar
1135 1948 1324 2035 clus),
1358 1951 1759 2017 dilucidum
1787 1969 2014 2036 genus
2041 1948 2310 2035 (trobar

70 2065 249 2153 clar)
281 2067 402 2134 alii
434 2067 846 2151 praedicare
875 2067 1130 2134 solent.

161 2183 551 2251 Permultis
606 2188 846 2249 autem
905 2183 1140 2249 verbis
1197 2184 1320 2249 sed
1384 2183 1573 2249 idem
1635 2183 2041 2249 valentibus
2096 2182 2302 2267 lyrici

10 2324 13 2329 ·
67 2302 468 2368 obscurum
521 2317 750 2384 genus
801 2299 1178 2365 nominant
1225 2318 1237 2363 :
1292 2300 1426 2365 hoc
1475 2299 1669 2365 enim
1719 2316 1856 2376 car,
1912 2295 2034 2375 rie,
2082 2316 2298 2373 oscur,

10 2482 18 2491 ,
64 2413 248 2493 solil,
297 2412 517 2481 cobet-t
556 2415 804 2481 dicunt
849 2436 864 2494 3
923 2420 1170 2481 contra
1221 2415 1530 2481 alterum
1572 2432 1800 2499 genus
1842 2410 1971 2490 Zeu,
2019 2409 2296 2499 leuyier,

57 2530 238 2620 plan
279 2533 667 2617 appellant.
707 2529 977 2610 Quibus
1022 2532 1258 2598 verbis
1298 2531 1443 2616 jam
1490 2549 1683 2597 nunc
1722 2531 2038 2616 intellegi
2073 2536 2303 2616 potest

66 2649 244 2734 quid
275 2647 652 2732 utriusque
685 2648 967 2733 generis
1001 2648 1360 2733 peculiare
1394 2648 1507 2714 sit.

161 2763 342 2852 Nam
396 2764 518 2848 qui
573 2765 644 2829 in
701 2764 1008 2830 obscuro
1063 2764 1338 2849 poetico
1387 2782 1647 2848 genere
1702 2764 2178 2830 versabantur
2227 2765 2299 2829 in

10 2905 18 2910 ·
63 2880 310 2948 verbis
334 2880 573 2947 omnia
603 2899 682 2946 ea
711 2880 1135 2947 affectabant
1161 2880 1423 2964 quibus
1445 2898 1563 2945 ars
1594 2880 1822 2964 magis
1850 2881 2074 2946 ardua
2100 2879 2298 2947 fieret

65 3003 136 3064 et
188 3002 475 3064 tantum
526 2996 758 3062 multo
815 2997 1074 3062 sudore
1125 3014 1206 3061 ac
1255 2996 1497 3062 labore
1546 3014 1727 3080 opus
1779 2995 2295 3080 perficiendum

64 3113 608 3180 existimabant.
646 3112 725 3177 In
759 3113 1078 3180 oratione
1112 3113 1329 3196 igitur
1357 3112 1596 3178 verbis
1627 3112 1735 3178 vel
1765 3112 2145 3196 ambiguiS,
2185 3115 2298 3180 vel

10 3217 12 3220 ’
59 3228 436 3305 inaudit.iS‚
473 3229 582 3294 vel
618 3228 982 3311 quaesitis,
1019 3228 1226 3294 dictis
1255 3228 1473 3292 simul
1505 3228 1865 3294 arcessitis
1892 3233 1958 3294 et
1988 3229 2297 3312 quadam

10 3344 314 3411 *odiosa
373 3343 761 3411 verborum
826 3349 1211 3420 structura,
1273 3349 1394 3408 aut
1453 3343 1784 3410 similiter
1848 3363 1972 3428 per
2027 3344 2297 3428 primas

59 3461 344 3527 litteras
378 3459 803 3527 sonantibus
837 3459 1098 3536 verbis
1136 3464 1201 3525 et
1236 3460 1307 3524 in
1341 3459 1705 3525 struendis
1738 3460 2067 3526 versibus
2099 3460 2297 3525 inso-

55 3575 210 3643 litis
243 3576 644 3644 rationibus
675 3576 777 3642 uti
805 3575 1153 3642 solebant.

11 3773 13 3776 Α
149 3691 334 3759 Cum
403 3692 762 3778 permulta
831 3692 1240 3758 testimonia
1307 3711 1392 3758 ex
1463 3691 1989 3775 antiquissimis
2068 3691 2294 3776 poetis

51 3807 349 3893 excerpi
420 3808 729 3892 possint,
807 3807 1069 3891 quibus
1139 3807 1606 3873 manifestum
1673 3806 1796 3872 fiat
1863 3808 1994 3873 hos
2062 3813 2126 3874 et
2206 3809 2291 3874 ad

52 3924 415 3991 obscurae
476 3922 1089 4008 poesis‘studium
1157 3941 1230 3988 se
1297 3922 1713 4001 contulisse,
1778 3927 1844 3988 et
1905 3924 1988 3988 de
2044 3923 2164 3989 illa
2219 3923 2292 3988 in

123 4119 178 4172 1.
223 4119 302 4172 V.
334 4119 400 4172 F.
436 4117 576 4172 Diez
618 4131 646 4168 «
673 4115 788 4171 Die
813 4115 1028 4171 Poesic
1054 4115 1618 4172 clet·.Tr01cbaclom‘s
1645 4132 1673 4168 >2
1708 4117 1920 4188 gallice
1952 4134 2234 4181 conversa
2258 4135 2293 4174 a

47 4200 122 4264 de
151 4201 398 4266 Roisin,
431 4218 488 4280 p.
521 4201 712 4263 19-21.
