2894 4999
1003 297 1356 470 ‚41:-

84 613 158 623 —
204 576 381 645 illud
421 576 807 664 collegium
849 577 1128 646 dictum
1181 597 1212 641 «
1257 574 1652 662 Sobreyaya
1704 572 2117 663 companhia
2165 567 2302 643 dels

90 695 198 760 VII
231 689 584 760 trobadors
623 691 703 760 dc
744 689 1037 760 Tholoza
1080 714 1113 760 »
1173 683 1679 772 condiderunt,
1736 693 1930 778 quod
1978 693 2115 760 hoc
2164 693 2302 760 sibi

82 809 435 896 proposuit
467 814 545 877 ut
576 809 1028 877 Australium
1064 809 1338 896 poesim
1372 808 1582 894 quasi
1608 808 1974 887 excitaret,
2012 807 2301 876 sollem-

83 925 187 991 nia
222 925 409 992 inter
438 930 686 1012 poetas
726 925 1124 994 certamina
1155 930 1223 992 et
1253 923 1695 992 honorificos
1725 924 1997 1004 titulos,
2034 925 2300 1010 quibus

82 1039 357 1108 illorum
386 1041 762 1128 ingenium
791 1046 914 1109 aut
936 1041 1260 1109 doctrina
1288 1040 1799 1119 declararetur,
1827 1040 2297 1109 instituendO.

158 1155 311 1224 Mox
341 1157 407 1226 ei
438 1157 564 1243 qui
593 1157 1004 1225 cancellarii
1038 1175 1341 1225 munere
1366 1157 1442 1224 in
1475 1156 1599 1223 1110
1629 1155 1930 1243 collegio
1962 1156 2304 1242 iungeba-

82 1277 205 1352 tur,
235 1271 625 1341 Guillelmo
657 1272 1056 1352 Molinario,
1091 1272 1163 1340 id
1192 1271 1673 1340 commissum
1700 1275 1807 1338 est
1834 1275 1911 1339 ut
1943 1271 2189 1339 omnia
2214 1273 2302 1341 de

81 1389 260 1473 'poesi
288 1394 669 1475 praecepta
710 1389 784 1455 in
825 1407 1057 1456 unum
1096 1392 1403 1474 cogeret,
1442 1405 1587 1472 quo
1627 1386 1903 1454 facilior
1933 1387 2170 1455 aditus
2211 1388 2301 1455 ad

83 1509 284 1571 artem
328 1505 676 1572 omnibus
717 1509 1014 1590 pateret.
1074 1501 1224 1582 Quo
1278 1502 1583 1570 consilio
1622 1501 2045 1570 Molinarius
2086 1521 2293 1589 opUS,

83 1620 250 1705 quod
287 1623 450 1706 Leys
487 1617 808 1687 d’Amors
855 1620 1007 1688 sive
1058 1615 1240 1686 Flora
1279 1615 1386 1686 del
1433 1635 1567 1705 gay
1616 1615 1814 1685 saber
1850 1618 2295 1700 inscribitur,

82 1754 247 1804 anno
287 1735 464 1804 1355
505 1735 854 1822 scripsit¹.
913 1735 995 1803 In
1036 1736 1173 1803 hoc
1211 1739 1454 1802 autem
1496 1733 1705 1801 titulo
1745 1752 1885 1802 vox
1930 1751 2222 1802 «amors
2263 1755 2297 1801 »

85 1868 208 1918 non
233 1852 422 1920 idem
455 1851 813 1938 significat-
840 1870 922 1919 ac
958 1870 989 1915 «
1016 1868 1324 1918 amour»
1358 1850 1433 1916 in
1456 1849 1726 1917 Gallico
1753 1867 2085 1918 sermone
2107 1851 2301 1936 apud

83 1968 495 2035 recentiores
526 1986 541 2034 ε
587 1967 713 2035 sed
739 1967 875 2034 sub
914 1967 1052 2034 hac
1091 1984 1350 2052 parum
1383 1965 1725 2033 definitus
1765 1983 2048 2044 sensus,
2086 1965 2302 2034 sicuti

83 2100 268 2169 saepe
305 2083 386 2151 fit
439 2085 516 2151 in
555 2083 794 2151 medio
843 2101 1043 2164 aeVO,
1090 2082 1461 2168 subiectus
1500 2086 1608 2150 est
1653 2099 1666 2149 ε
1725 2081 1845 2148 1116
1882 2082 1972 2148 ad
2023 2081 2300 2149 litteras

83 2200 487 2283 praesertim
519 2199 882 2286 pertinere
904 2202 972 2265 et
997 2216 1223 2284 aeque
1246 2197 1486 2264 valere
1513 2215 1595 2264 ac
1625 2215 1656 2260 «
1676 2193 1954 2283 poesis»
1985 2196 2294 2264 videtur.

155 2314 312 2383 Illae
352 2320 601 2384 autem
641 2317 836 2400 Leyes
876 2311 1145 2381 Amoris
1193 2317 1363 2380 sunt
1412 2313 1500 2380 de
1552 2312 2047 2399 grammatica,
2096 2312 2182 2380 de
2223 2331 2299 2380 re

83 2429 374 2511 metrica,
430 2432 518 2499 de
566 2429 976 2511 rhetorica3
1023 2428 1148 2496 sed
1198 2428 1471 2515 passim
1522 2427 1883 2513 permulta
1932 2426 2021 2494 ad
2067 2431 2297 2496 artem

81 2546 524 2615 existimandi
575 2546 972 2632 spectantia
1027 2545 1526 2613 inveniuntur.
1580 2543 1725 2611 Hoc
1773 2562 1979 2630 opus,
2036 2561 2180 2612 non
2222 2549 2301 2612 ut

81 2668 440 2749 praecepta
488 2663 576 2730 de
626 2661 872 2747 lingua
927 2665 1050 2728 aut
1090 2661 1176 2727 de
1216 2659 1747 2728 versificatione
1799 2659 1964 2727 data
2011 2659 2298 2745 singula

82 2796 590 2866 persequamur
627 2814 716 2825 —
763 2778 900 2845 hoc
948 2776 1143 2845 enim
1195 2794 1342 2843 non
1380 2780 1489 2842 est
1543 2774 1891 2861 propositi
1947 2776 2174 2843 nostri
2211 2810 2301 2823 -—-

20 2974 22 2977 y
82 2892 518 2981 inspicimus,
585 2894 713 2961 sed
776 2897 853 2960 ut
912 2897 1270 2978 quatenus
1328 2890 1844 2957 existimatoris
1909 2890 2298 2958 virtutibus

82 3011 430 3093 praeditus
461 3009 676 3078 fuerit
706 3007 1128 3076 Molinarius
1160 3006 1643 3092 inquiramus

20 3326 22 3349 ⁵
137 3312 184 3369 1.
222 3313 350 3370 Duo
380 3312 616 3385 Lequm
644 3308 890 3366 Amoris
920 3308 1290 3380 exemplaria
1318 3312 1557 3365 exstant
1589 3324 1602 3363 ε
1645 3310 1936 3377 quatenus
1970 3308 2111 3363 haec
2140 3306 2300 3363 inter

20 3398 22 3407 '
81 3412 130 3451 se
165 3395 447 3455 differant
488 3414 525 3453 a
569 3393 828 3453 Camillo
871 3394 1245 3450 Chabaneau
1285 3393 1622 3450 ostenditur
1663 3392 1728 3447 in
1772 3390 1932 3447 Hist.
1977 3392 2173 3465 Lany.
2216 3391 2295 3459 X,

20 3540 22 3545 ,
81 3494 127 3548 p.
152 3482 250 3537 177
278 3487 338 3539 et
371 3498 464 3553 sq.
503 3482 707 3537 Unum
739 3478 804 3535 in
836 3478 1039 3535 codice
1068 3479 1166 3545 (B)
1202 3496 1238 3535 a
1270 3476 1787 3535 Gatien-Arnoult
1818 3476 1978 3531 edito
2008 3477 2296 3544 (Tolosae,

20 3554 22 3573 ³
80 3562 318 3635 1841-43‚
345 3566 380 3623 3
405 3567 556 3632 vol.)
587 3564 929 3620 continetur
957 3580 971 3632 ;
1012 3564 1269 3619 alterum
1298 3562 1450 3629 (cod.
1478 3562 1555 3627 A)
1580 3562 1776 3618 adhuc
1802 3559 2101 3617 ineditum
2128 3560 2298 3631 quasi

79 3650 248 3721 operis
275 3651 651 3708 lineamenta
687 3648 949 3721 praebet.
985 3647 1225 3706 Codicis
1255 3649 1308 3704 B
1337 3652 1571 3704 textum
1616 3663 1851 3719 semper
1879 3645 2195 3703 afferemus
2226 3662 2300 3701 ex

80 3732 318 3793 editione
349 3732 890 3793 Gatien-Arnoult.
