2894 4999
1466 448 1822 526 „30-

524 650 773 721 doceat
827 654 1189 738 quomodo
1238 658 1469 739 poeta,
1538 654 1599 720 si
1659 654 1966 740 diligens
2020 655 2134 734 sit,
2200 654 2387 721 hanc
2440 654 2512 719 in
2574 654 2768 721 duos

440 819 444 824 -
524 770 752 837 bonos
802 788 1059 837 versus
1105 787 1599 837 conversurus
1654 770 1744 835 sit
1791 789 1804 835 :
1860 770 2078 836 verba
2132 770 2351 854 igitur
2402 770 2771 836 sexcentis

526 885 760 952 modis
789 885 1113 952 vicissim
1144 886 1485 962 contexit,
1517 886 1733 951 etiam
1761 891 1977 970 atque
2007 886 2223 952 etiam
2264 885 2771 952 assensionem

525 1001 864 1067 differens
908 1021 924 1080 3
988 1001 1280 1067 tandem
1330 1018 1586 1067 versus
1640 1019 1727 1067 ex
1788 1000 2143 1067 sententia
2195 1001 2471 1078 cadere,
2527 1000 2599 1066 id
2662 1006 2771 1067 est

525 1117 883 1184 dilucidos
923 1122 992 1184 et
1034 1134 1262 1183 novos
1301 1134 1482 1193 esse,
1530 1117 1815 1184 fatetur.
1862 1116 2082 1183 Multa
2123 1116 2416 1201 quidem
2457 1116 2773 1202 puerilia

525 1234 597 1300 in
632 1233 768 1299 hac
809 1238 1011 1319 parte
1042 1231 1208 1299 duci
1250 1237 1554 1316 possunt
1593 1250 1605 1297 :
1653 1233 1777 1299 sed
1819 1224 2061 1299 nonne
2101 1233 2173 1298 id
2212 1232 2545 1317 exemplo
2590 1232 2772 1298 utile

523 1353 655 1428 est,
702 1333 1128 1433 scriptorem
1173 1353 1418 1432 poetas
1459 1346 1573 1413 his
1601 1346 1841 1413 verbis
1882 1348 1969 1413 ad
2010 1347 2458 1433 diligentiam
2498 1348 2773 1414 cohor-

525 1466 661 1531 tari
700 1462 738 1530 ἶ)

616 1599 647 1643 «
702 1579 882 1646 Hom
911 1598 1048 1664 que
1081 1578 1266 1645 dicta
1299 1578 1434 1644 deu
1471 1583 1706 1644 tant-as
1739 1583 1894 1645 vetz
1928 1578 2341 1645 trasmudar
2364 1578 2473 1645 las
2505 1578 2769 1645 dictios

523 1702 590 1763 et
625 1714 766 1763 una
809 1700 1036 1762 mett-e
1082 1712 1208 1779 per
1249 1676 1480 1771 antra,
1519 1713 1555 1760 e
1601 1694 1797 1761 virar
1836 1712 1917 1761 so
1962 1695 2198 1761 denan
2242 1695 2505 1773 detraS,
2556 1712 2598 1761 e
2651 1694 2771 1779 pel

523 1811 863 1889 contrari,
917 1830 954 1877 e
1005 1828 1244 1877 sercar
1299 1815 1534 1876 tantas
1590 1810 1836 1889 rimas,
1890 1815 2097 1877 entro
2147 1828 2285 1896 que
2336 1827 2623 1894 vengua
2661 1827 2770 1881 ‚en

525 1928 737 2011 aquel
775 1946 896 1993 cas
938 1944 1026 1992 en
1073 1926 1315 2011 loqual
1357 1926 1404 1991 li
1458 1944 1619 1992 sara
1650 1925 1981 2011 vejayres
2020 1944 2159 2010 que
2200 1925 2411 1992 miels
2449 1943 2525 1991 es
2565 1925 2695 2009 dig
2734 1942 2772 1990 e
2813 1916 2817 1919 ’

526 2043 735 2109 miels
766 2042 1081 2127 pauzat¹.
1124 2063 1154 2106 »

614 2158 908 2225 Frustra
934 2175 1105 2225 vero
1127 2158 1526 2224 conabatur
1551 2153 1983 2224 Guillelmus
2006 2156 2457 2223 Australium
2483 2156 2769 2242 poesim

525 2292 874 2342 renovare
907 2292 918 2339 :
966 2273 1141 2340 haec
1173 2274 1367 2340 enim
1399 2273 1548 2358 jam
1580 2273 1893 2340 extincta
1934 2278 2108 2340 erat.
2152 2272 2243 2340 At
2274 2274 2464 2357 Leyes
2492 2269 2771 2339 Amoris

523 2389 646 2455 diu
680 2390 755 2455 in
785 2388 1149 2456 Catalonia
1182 2389 1586 2473 plurimum
1618 2390 2005 2456 valuerunt
2036 2394 2103 2455 et
2136 2388 2343 2473 quasi
2374 2386 2769 2473 magistrae

526 2506 912 2591 permultis
959 2506 1188 2590 poetis
1233 2512 1300 2573 et
1345 2505 1696 2572 technicis
1746 2505 2090 2573 fuerunt:
2137 2505 2223 2572 de
2270 2504 2533 2590 quibus
2580 2503 2771 2570 nihil
2872 2555 2881 2560 .

523 2622 874 2700 dicemuS,
947 2639 1117 2688 cum
1177 2621 1385 2688 nobis
1449 2626 1733 2688 tantum
1802 2627 2019 2706 opera
2085 2640 2126 2687 a
2190 2619 2767 2687 Provincialibus

524 2738 787 2822 scripta
818 2755 1242 2822 percensere
1275 2737 1730 2823 propositum
1762 2736 1913 2803 sit².

595 2958 648 3013 1.
696 2972 725 3011 «
768 2957 886 3020 Qui
918 2974 1158 3012 carmen
1191 2957 1395 3013 condit
1438 2957 1621 3012 etiam
1664 2962 1842 3026 atque
1885 2955 2067 3012 etiam
2114 2956 2295 3012 verba
2338 2957 2463 3011 loco
2502 2957 2765 3021 moveat,

528 3041 694 3097 aliud
722 3058 826 3112 pro
855 3042 974 3096 alio
995 3041 1298 3110 subjiciat,
1324 3043 1535 3096 horum
1566 3041 1837 3096 ordinem
1871 3040 2153 3108 invertat,
2176 3041 2359 3096 verba
2376 3040 2769 3096 consonantia.

523 3126 812 3196 inquirat,
846 3126 989 3180 dum
1039 3143 1104 3180 eo
1147 3125 1461 3196 perveniat
1504 3131 1571 3180 ut
1615 3142 1792 3195 quam
1834 3125 2060 3195 optime
2098 3141 2159 3179 se
2202 3126 2499 3181 elocutum
2540 3141 2669 3180 esse
2709 3127 2769 3179 et

526 3210 710 3266 verba
741 3210 1046 3266 ordinasse
1072 3214 1260 3281 putet.
1297 3225 1325 3263 ))
1366 3211 1494 3276 (111,
1529 3227 1585 3280 p.
1620 3209 1767 3275 376).

599 3322 652 3378 2.
696 3321 785 3377 De
811 3321 1201 3391 scriptoribus
1231 3321 1357 3376 illis
1388 3339 1446 3377 v.
1484 3322 1548 3376 C.
1588 3321 1959 3376 Chabaneau
1989 3320 2053 3375 in
2083 3319 2244 3376 Hist.
2278 3319 2474 3393 Lany.
2516 3319 2595 3386 X,
2628 3319 2766 3376 179—

526 3405 652 3462 180.
679 3435 743 3444 ·-
771 3406 858 3460 De
888 3406 1061 3461 rebus
1091 3423 1122 3460 e
1154 3406 1408 3478 Leqibus
1439 3404 1685 3460 Amoris
1712 3422 1747 3459 a
1772 3406 2059 3461 Gratiano
2084 3406 2157 3460 de
2188 3406 2378 3461 Ponte
2406 3405 2666 3475 sumptis
2690 3405 2763 3460 ad

524 3496 714 3546 artem
747 3489 1042 3560 poeticam
1075 3489 1546 3560 componendam
1582 3490 1730 3556 (Art,
1759 3493 1813 3545 et
1842 3489 2073 3544 scient-e
2104 3488 2174 3544 de
2203 3489 2503 3561 recor-ique
2534 3488 2765 3561 metr-ts-

525 3575 650 3638 ft'ee,
681 3573 864 3641 1539),
897 3591 956 3629 v.
987 3573 1062 3628 E.
1094 3573 1391 3646 Lanylois
1420 3592 1438 3628 .·
1477 3574 1569 3628 De
1598 3572 1847 3628 Artibus
1877 3571 2215 3628 rhetoricae
2239 3571 2615 3646 rhythmicae
2643 3570 2765 3627 sive

524 3659 596 3715 de
626 3659 857 3714 artibus
878 3657 1135 3734 poeticis
1169 3657 1230 3713 in
1255 3657 1529 3714 Francia
1555 3660 1695 3714 ante
1721 3657 2063 3713 litterarum
2088 3656 2538 3712 renovationem·
2562 3655 2759 3720 editis,

524 3761 623 3815 pp.
658 3743 748 3811 90,
779 3743 870 3800 95.
