2894 4999
1008 1281 1286 1372 CAPUT
1335 1285 1394 1370 Π
1454 1285 1458 1289 ’

82 1731 417 1793 ουοΜοοο
466 1734 555 1782 ΒΕ
601 1731 1075 1784 ΑυεΤΒΑιιΒυε
1125 1731 1360 1782 pomus
1410 1731 1483 1782 ῙΝ
1542 1733 1575 1779 «
1616 1707 2015 1800 Lyricorum
2072 1707 2236 1778 Vitis
2277 1732 2310 1776 »

659 1820 666 1828 ’
963 1849 1427 1900 ΕΧῙεΤιΜΕΤυΒ

168 2127 406 2204 Liceat
439 2135 648 2203 nobis
688 2134 835 2221 iam
864 2153 1059 2202 nunc
1090 2152 1318 2223 pauca
1348 2134 1435 2202 de
1462 2129 1889 2200 Austranum
1915 2127 2313 2218 Lyricorum

93 2249 257 2318 Vitis
293 2251 727 2320 Provinciali
782 2269 1116 2318 sermone
1156 2250 1870 2336 scriptis-disserere.
1920 2248 2100 2315 Nam
2149 2248 2306 2325 hae,

85 2345 251 2435 cum
280 2368 707 2454 praesertim
731 2368 819 2434 ad
848 2367 1321 2453 pristinorum
1350 2371 1726 2452 poetarum
1755 2383 1994 2433 mores
2016 2382 2315 2450 cognos-

84 2484 347 2553 cendos
369 2485 660 2553 'valeant
679 2485 722 2564 ¹3
762 2489 1006 2554 tamen
1032 2489 1098 2552 et
1126 2485 1214 2552 ad
1240 2489 1470 2551 artem
1497 2484 1902 2551 litterarum
1930 2482 2315 2549 aestiman-

84 2578 340 2668 darum
364 2601 750 2688 permultis
777 2601 953 2668 locis
982 2601 1339 2687 pertinere
1362 2601 1724 2668 videntur.
1752 2598 2094 2680 Quamvis
2117 2598 2312 2666 enim

87 2716 468 2803 pleraeque
501 2718 689 2784 vitae
715 2716 1030 2785 breviter
1056 2722 1123 2784 et
1154 2716 1396 2802 jejune
1431 2717 1739 2801 scriptae
1772 2716 1937 2793 sint,
1972 2732 2312 2801 persaepe

86 2849 217 2899 nos
257 2832 341 2899 de
399 2832 799 2918 lyricorum
841 2833 1179 2918 operibus
1228 2833 1571 2900 certiores
1610 2832 1904 2910 faciunt,
1960 2832 2136 2898 dum
2189 2834 2313 2897 aut

88 2947 347 3031 quibus
423 2949 889 3034 potissimum
975 2949 1359 3035 generibus
1435 2953 1684 3034 poetae
1760 2967 1836 3016 se
1909 2947 2313 3015 dediderint

87 3062 361 3143 docent,
409 3069 535 3131 aut
575 3065 663 3132 de
710 3065 975 3131 horum
1030 3064 1318 3150 ingenio
1367 3065 1975 3133 existimationem
2016 3064 2306 3131 habent.

174 3176 303 3258 Qui
328 3180 598 3248 fuerint
624 3180 731 3247 illi
752 3180 1280 3249 existimatores
1309 3199 1456 3248 non
1479 3180 1653 3248 satis
1674 3185 1955 3248 constat
1982 3198 1996 3245 :
2027 3184 2310 3247 tantum

88 3293 278 3361 enim
340 3294 720 3381 Hugonem
783 3298 870 3364 de
933 3295 1194 3364 Sancto
1253 3295 1504 3382 Cyrico
1563 3296 1787 3364 vitam
1848 3295 2165 3364 Savarici
2226 3296 2312 3363 de

89 3408 430 3479 Malleone
469 3416 539 3480 et
565 3412 748 3481 forte
787 3412 1311 3481 nonnullorum
1343 3413 1655 3481 aliorum
1682 3418 2058 3499 poetarum
2099 3412 2306 3492 vitaS,

89 3529 159 3592 et
209 3525 506 3594 Michael
567 3529 653 3595 de
704 3527 911 3596 Turri
959 3528 1147 3597 Petri
1202 3516 1600 3597 Cardinalis
1656 3529 1877 3597 vitam
1936 3528 2313 3614 scripsisse

90 3642 484 3711 novimus’.
533 3641 671 3710 Sed
711 3662 877 3712 cum
921 3645 996 3712 in
1041 3645 1442 3713 multorum
1487 3645 1653 3714 vitis
1698 3646 2052 3729 quaedam
2094 3644 2311 3744 verba

159 3837 213 3891 1.
253 3837 420 3901 Quod
464 3838 685 3895 rectius
715 3839 898 3895 etiam
938 3839 1011 3895 de
1051 3844 1390 3909 poematum
1435 3840 1804 3911 argumentis
1843 3842 2136 3906 (sermone
2167 3840 2312 3894 Pro-

89 3920 338 3978 vinciali
368 3925 580 3992 rasos)
614 3923 733 3979 dici
768 3928 978 3995 potest,
1012 3942 1162 3995 quae
1191 3941 1326 3979 cum
1359 3926 1783 3981 nonnullorum
1828 3929 2135 3995 poetarum
2167 3923 2313 3979 vitis

92 4005 260 4061 nobis
283 4008 503 4064 tradita.
529 4014 688 4065 sunt.
707 4039 770 4047 —
807 4008 1086 4064 Vitat-am
1107 4010 1262 4064 locos
1284 4026 1354 4063 ex
1377 4010 1640 4066 editione
1666 4009 1914 4067 Camilli
1943 4008 2314 4064 Chabaneau

89 4088 578 4245 εᾶῖῐθιηωιιῗὸἓὶἐεῗ
598 4092 1001 4169 Bioyraphics
1023 4092 1124 4149 des
1151 4092 1582 4149 Troubadours
1603 4113 1675 4150 en
1696 4092 2309 4169 lanqueprocenpale,

150 4191 186 4229 ο
216 4192 348 4232 osae
521 4220 534 4233 .

161 4271 219 4327 2.
256 4272 338 4330 De
367 4277 474 4332 hoc
504 4293 563 4332 v.
600 4276 991 4341 Chabaneau‚
1027 4275 1264 4351 Bioqr„
1294 4292 1351 4349 p.
1385 4276 1418 4333 3
1443 4280 1503 4334 et
1531 4274 1585 4333 4.
