2894 4999
831 1303 1458 1418 PROOEMlUM

132 1873 344 1947 Nihil
422 1876 796 1971 majorem
879 1876 1286 1949 utilitatem
1367 1875 1678 1972 praebet
1754 1877 1851 1950 ad
1924 1883 2268 1951 veterum

35 2007 478 2073 nostrorum
549 2002 1010 2096 scriptorum
1079 2001 1386 2096 ingenia
1452 2009 1655 2076 recte
1716 2003 2269 2098 perspicienda,

1 2119 266 2225 ,quam
310 2125 406 2197 iis
438 2125 755 2221 judiciis
796 2127 902 2198 uti
947 2148 1142 2220 quae
1181 2127 1327 2220 ipsi
1370 2126 1465 2199 de
1515 2127 1835 2199 suismet
1882 2127 2267 2222 operibUS,

9 2256 196 2322 tum
228 2271 406 2322 cum
442 2248 632 2323 haec
662 2250 1108 2338 edebantur,
1149 2250 1521 2324 fecerunt.
1559 2250 1729 2324 Non
1766 2252 1955 2346 quin
2000 2274 2271 2325 recen-

1 2374 266 2457 tiores
310 2375 893 2464 existimatoreS,
939 2376 1369 2457 doctrinam
1435 2382 1510 2448 et
1566 2375 1885 2448 rationis
1941 2398 2267 2466 acumen

1 2575 3 2580 ,
29 2496 184 2571 illis
207 2499 570 2593 operibus
592 2499 1066 2588 adhibentes,
1090 2522 1320 2594 quam
1350 2508 1593 2573 artem
1624 2499 1811 2574 haec
1836 2502 2270 2595 significent

1 2625 346 2722 *cujUsve
387 2626 544 2698 sint
584 2627 811 2721 pretii
843 2626 1192 2721 judicare
1235 2626 1578 2719 possint3
1620 2626 1752 2698 sed
1792 2626 1871 2704 id
1912 2633 2024 2699 est
2063 2626 2271 2722 peri-

26 2748 293 2821 culum
359 2769 454 2821 ne
525 2751 985 2823 sententiam
1051 2749 1271 2843 quasi
1341 2756 1637 2823 curtam
1705 2757 2007 2822 tantum
2068 2750 2269 2824 ferre

1 2873 352 2963 ¹valeant,
385 2874 534 2946 nisi
567 2896 832 2948 eorum
864 2875 1224 2971 opinione
1250 2876 1605 2947 nituntur
1632 2876 1789 2969 qui,
1812 2875 2269 2949 certioribus

1 2975 342 3072 ¹indiciis
372 2986 605 3088 ducti,
639 3021 816 3073 cum
849 3006 978 3071 aut
1009 3000 1101 3072 de
1137 3000 1573 3094 aequalium
1605 3007 1735 3072 aut
1766 3000 1857 3073 de
1892 3022 2031 3073 suo
2061 3001 2269 3095 ipso-

26 3144 203 3197 rum
246 3123 555 3217 ingenio
609 3125 1159 3211 existimarent,
1198 3125 1787 3219 praeteritorum
1830 3132 2264 3219 temporum

22 3249 344 3338 litteraS,
404 3271 559 3322 non
621 3250 908 3345 majore
975 3250 1288 3343 quidem
1363 3250 1604 3323 animi
1672 3250 2075 3345 aequitate,
2132 3250 2267 3323 sed

1 3372 332 3448 'facilius
360 3376 677 3448 scrutati
719 3381 921 3447 su'nt.
1003 3420 1010 3427 -

1 3527 3 3532 ·
120 3501 428 3575 Horum
520 3504 725 3573 enim
806 3501 1284 3574 auctoritatis
1374 3523 1462 3574 eo
1539 3500 1785 3596 major
1864 3481 2065 3574 ‘ratio
2154 3504 2268 3575 est

22 3625 384 3699 habenda
438 3625 645 3720 quod
697 3635 1045 3699 veterum
1100 3626 1565 3721 scriptorum
1614 3625 1913 3699 animos
1969 3626 2269 3699 minore

21 3749 288 3824 labore
341 3751 846 3846 introspicere
905 3759 1322 3847 potuerunt
1364 3774 1382 3842 ;
1445 3751 1641 3824 adde
1682 3750 1887 3845 quod
1933 3751 2046 3824 illi
2096 3773 2269 3846 per-

25 3876 276 3949 multa
303 3897 556 3972 opera,
582 3898 778 3971 quae
807 3898 1015 3949 nunc
1041 3876 1599 3965 desiderantur,
1628 3882 1805 3948 nota
1830 3875 2270 3951 habuerunt

21 4000 314 4097 quibus
345 4023 483 4074 sua
507 4001 800 4097 judicia
826 4000 1261 4097 probarent.
1293 3999 1570 4073 Caveat
1600 4007 1858 4074 autem
1886 4001 1964 4074 in
1993 4001 2267 4095 primis

21 4147 120 4201 ne
174 4125 381 4200 hanc
448 4148 609 4199 rem
665 4126 1010 4222 neglegat
1078 4127 1144 4199 is
1212 4126 1341 4220 qui
1403 4125 1485 4198 in
1537 4122 1915 4199 Australis
1968 4125 2266 4199 'Galliae

21 4250 496 4347 scriptorum
573 4252 916 4325 studium
991 4249 1442 4324 incumbere
1512 4249 1714 4323 velit.
1786 4250 2007 4341 Nam,
2086 4270 2264 4323 cum

941 4447 1483 4559 142433
