2894 4999
1046 422 1401 509 ,43-

89 645 382 726 qil-anto
433 643 594 724 post
654 638 1214 705 Marcabrunum
1269 638 1535 714 floruit,
1596 638 1761 704 licet
1814 653 2099 722 quoque
2153 638 2340 706 inter

94 761 386 838 veteres
437 760 682 840 poetas
731 755 1252 831 adscribamuS‚
1310 755 1664 838 quaedam
1714 759 1780 820 et
1830 753 1905 818 in
1954 754 2337 820 obscuram

92 889 340 957 genus
370 871 662 946 cadunt,
696 871 820 936 sed
849 870 1182 937 laudetne
1210 869 1462 937 Petrus
1488 888 1581 936 an
1613 871 1953 936 detrectet
1980 869 2115 936 hoc
2147 869 2340 936 haud

94 1006 399 1072 semper
451 985 657 1052 facile
710 985 1088 1070 dijudicari
1144 991 1399 1071 potest.
1455 985 1600 1052 Hoc
1652 991 1895 1052 tamen
1950 985 2108 1052 loco-
2160 985 2339 1051 iliud

93 1120 339 1187 genus
372 1102 608 1188 potius
652 1103 937 1187 probari
970 1103 1256 1169 videtur
1301 1121 1313 1167 ;

959 1298 1049 1356 Be
1073 1297 1225 1355 m'es
1251 1296 1363 1373 pla
1375 1315 1487 1355 zen

973 1411 1004 1450 e
1034 1409 1318 1450 cossczen

800 1486 914 1562 qui
941 1486 1235 1562 s'ayzina
1264 1487 1341 1543 de.
1371 1487 1648 1542 charita»-

974 1581 1052 1638 αῖ)
1091 1586 1258 1638 motz
1289 1579 1477 1656 alqus

987 1679 1227 1731 serratz
1257 1693 1290 1731 e
1327 1672 1464 1732 clus

711 1766 923 1843 qu’o‘m
952 1773 1073 1824 tem
1118 1768 1186 1824 ia
1216 1768 1292 1824 dc
1321 1767 1740 1842 vei·9onhcm·¹.

103 1955 498 2040 Reliquum
539 1973 830 2022 carmen
865 1955 953 2021 ad
995 1974 1256 2035 mores,
1295 1960 1372 2021 ut
1413 1973 1624 2040 saepe
1656 1953 1756 2031 fit,
1804 1959 2086 2020 tantum
2119 1955 2342 2038 perti—

103 2076 257 2138 net.
306 2070 465 2148 Sed,
504 2089 674 2137 cum
707 2071 779 2137 in
813 2070 1066 2137 ultima
1099 2070 1256 2156 ejus
1287 2070 1632 2137 carminis
1665 2070 1983 2153 stropha,
2031 2071 2223 2154 quod
2254 2070 2341 2137 ad

102 2187 448 2271 aequales
509 2205 680 2254 suos
733 2188 1233 2254 detrectandos
1287 2187 1541 2254 Petrus
1593 2187 1966 2254 Arvernus
2025 2186 2335 2272 scripsit,

103 2301 283 2368 huic
324 2306 528 2387 poeta
571 2294 865 2386 quidam
906 2302 1251 2370 orationis
1283 2303 1794 2369 obscuritatem
1830 2302 2001 2368 vitio
2040 2302 2335 2382 dederit,

105 2416 294 2484 nihil
338 2417 573 2484 obstat
615 2417 790 2504 quin
841 2418 1342 2486 existimemus
1392 2418 1681 2485 Petrum
1733 2418 1920 2485 inter
1958 2435 2079 2484 eos
2120 2418 2343 2485 fuisse

105 2534 237 2619 qui
269 2534 655 2601 obscuram
692 2536 964 2620 poesim
1001 2553 1145 2602 non
1186 2536 1422 2602 solum
1468 2536 1931 2603 tractaverint
1962 2536 2085 2601 sed
2126 2534 2343 2602 etiam

106 2652 382 2737 optime
475 2651 1070 2736 praedicaverint.
1151 2651 1506 2737 Injuriose
1581 2651 1881 2737 quidem·
1950 2652 2083 2719 sed·
2149 2650 2343 2717 haud

106 2767 389 2834 insulse
430 2768 517 2833 ab
549 2767 673 2833 illo
700 2772 906 2851 poeta
936 2766 1123 2834 Petri
1155 2768 1437 2834 dicendi
1465 2786 1695 2853 genus
1722 2766 2088 2834 deridetur
2119 2784 2132 2831 :

752 2961 940 3019 Peire
963 2961 1351 3020 d’Alvcrnhe
1376 2980 1416 3019 a
1447 2961 1542 3019 tal
1566 2968 1705 3019 votz

634 3074 753 3131 que
782 3062 975 3113 canta
1006 3073 1154 3113 omn
1183 3055 1464 3131 qranolh
1495 3055 1591 3113 'en
1612 3060 1782 3132 potz,

635 3166 666 3205 e
698 3147 922 3205 lauzas
953 3154 1095 3224 trop
1127 3166 1168 3205 a
1197 3154 1328 3205 tota
1353 3167 1475 3223 96η
1498 3166 1521 3219 ,·

749 3259 904 3317 pero
934 3242 1229 3299 maistres
1260 3260 1321 3299 es
1351 3243 1428 3299 de
1452 3246 1597 3313 totz,

633 3334 710 3393 ab
742 3334 944 3411 qu’un
969 3353 1142 3411 pauc
1175 3334 1475 3392 esclarz'is
1505 3354 1601 3393 sos
1633 3340 1823 3405 motz,

635 3429 784 3505 qula
809 3446 1014 3505 penas
1043 3429 1240 3487 nulhs
1268 3430 1418 3487 hom
1451 3427 1539 3486 los
1565 3434 1807 3486 entew.
1905 3474 1914 3480 .

185 3633 237 3689 1.
282 3646 312 3685 «
353 3632 513 3688 Mihi
559 3634 734 3688 valde
777 3634 972 3703 placet
1017 3634 1412 3703 probaturque
1457 3632 1557 3703 qui
1603 3632 1820 3703 pressis
1863 3630 2345 3703 absconditisque

111 3718 314 3774 verbis
343 3717 418 3773 ad
446 3716 780 3773 canendum
809 3717 899 3772 uti
927 3717 1260 3772 instituit...
1285 3733 1314 3770 ))
1349 3718 1469 3785 (Be
1499 3717 1636 3772 m'es
1659 3718 1973 3793 pla-senff.
2004 3716 2115 3772 1-5.
2144 3718 2235 3773 Μ·.
2269 3718 2340 3773 G.

3 3831 5 3836 ·
111 3804 239 3859 226.
274 3819 346 3857 ex
377 3803 504 3857 cod.
536 3801 628 3867 C.)
663 3802 884 3857 Sensus
915 3803 1119 3858 ultimi
1154 3820 1356 3858 versus
1388 3820 1502 3858 non
1535 3805 1713 3873 plane
1744 3803 1951 3872 liquet.

185 3914 237 3969 2.
283 3929 312 3966 «
355 3916 568 3969 Petrus
617 3915 924 3969 Arvernus
967 3914 1018 3969 is
1066 3919 1334 3969 cantator
1381 3920 1469 3969 est
1518 3914 1619 3984 qui
1668 3915 1823 3971 sicut
1866 3931 2011 3969 rana
2057 3914 2119 3968 in
2170 3919 2345 3984 puteo

114 4003 336 4065 cantet,
384 4004 442 4054 et
482 3999 791 4069 gloriosius
835 3999 908 4053 de
952 4017 1013 4054 se
1060 3999 1182 4069 ipso
1232 4017 1465 4070 semper
1514 4000 1861 4069 praedicat;
1910 3999 2007 4054 hic
2053 3999 2343 4054 nimirum

113 4084 386 4163 omnium
435 4084 716 4153 magister
759 4089 868 4151 est,
901 4084 1222 4139 dummodo
1253 4086 1434 4139 verba
1478 4102 1583 4140 sua
1622 4085 1997 4154 aliquantum
2039 4085 2342 4155 explanet,

114 4187 250 4225 cum
295 4171 440 4225 haec
469 4168 576 4223 vix
615 4169 884 4239 intellegi
930 4169 1177 4239 possint.
1214 4184 1242 4220 »
1287 4168 1666 4236 (Clzantarat‘
1702 4168 1973 4243 d'aquest
2003 4167 2341 4237 trobadorS,

112 4270 172 4310 v.
200 4252 393 4309 79-84.
423 4254 677 4309 Bartsch
707 4271 720 4309 ε
757 4253 1089 4309 Chrestom.
1117 4254 1437 4323 Proventu,
1471 4270 1529 4325 p.
1558 4253 1672 4321 82.)
