2894 4999
1540 340 1899 425 -62-

690 548 846 623 Non
873 553 1094 641 igitur
1112 553 1201 621 de
1226 552 1485 623 litteris
1511 554 1727 623 modo
1748 554 1966 625 tradit
1993 559 2369 641 praecepta
2392 558 2517 621 aut
2543 552 2826 640 judicia,

600 670 728 741 sed
753 670 994 749 etiam,
1026 669 1161 737 etsi
1191 669 1278 741 de
1309 668 1581 738 litteris·
1605 671 1782 756 ipsis
1808 687 2097 757 semper
2121 670 2473 738 disserere
2501 670 2645 737 sibi
2674 687 2836 757 pro-

601 786 826 879 ponit,
864 785 1260 855 sententias
1299 786 1436 855 fert
1463 787 1551 857 de
1577 788 1794 857 rebus
1824 787 1915 855 ad
1945 784 2329 855 hominum
2363 786 2593 855 vitam
2623 786 2835 872 perti-

602 902 969 971 uentibus,

691 1016 789 1083 Ex
841 1016 1197 1086 Molinarii
1239 1018 1417 1087 locis
1457 1018 1604 1106 jam
1646 1018 1974 1107 allegatis
2013 1017 2220 1087 facile
2258 1017 2610 1104 conjicias
2650 1019 2835 1085 hunc

604 1132 881 1219 poesim
905 1151 992 1201 ex
1018 1151 1280 1220 magna
1301 1140 1505 1227 parte
1526 1134 1795 1223 gloriae
1817 1134 1940 1203 Dei
1961 1139 2028 1202 et
2053 1134 2303 1203 Beatae
2325 1133 2595 1201 Mariae
2614 1132 2834 1201 addici

604 1248 789 1317 velle
821 1267 835 1315 :
882 1249 1146 1336 itaque,
1183 1256 1567 1336 postquam
1603 1251 1690 1319 de
1719 1250 2081 1330 laudibuS,
2119 1250 2179 1318 si
2211 1250 2638 1318 hominibus
2667 1250 2836 1317 den-

601 1369 743 1444 tur,
803 1366 1186 1433 cumulum
1228 1365 1420 1435 demi
1475 1368 1727 1436 decere
1776 1367 1979 1446 dixit,
2034 1366 2414 1453 profitetur
2462 1384 2832 1452 nunquam

602 1480 758 1548 fieri
787 1499 998 1568 posse
1028 1488 1102 1549 ut
1127 1482 1380 1550 laudes
1410 1482 1931 1551 immoderatae
1956 1482 2491 1561 existimentur,
2525 1482 2587 1549 si
2620 1481 2835 1548 Deum

601 1594 995 1667 Mariamve
1024 1597 1557 1684 praedicaveris
1595 1617 1609 1666 :

695 1732 728 1776 «
782 1710 973 1793 Quar
1011 1714 1237 1801 degus
1277 1715 1517 1793 homS,
1559 1736 1591 1781 »
1635 1714 1755 1793 ait,
1805 1733 1837 1778 «
1874 1732 1969 1782 no
2004 1719 2126 1801 pot
2164 1714 2441 1782 cocirar
2480 1714 2559 1781 ni
2600 1729 2836 1800 pessar

603 1828 677 1896 ni
709 1828 824 1896 dir
862 1834 1099 1897 tantas
1131 1828 1418 1898 lauzors
1456 1830 1545 1897 de
1575 1829 1748 1897 Dieu
1783 1830 1858 1897 ni
1888 1830 1977 1898 de
2017 1830 2086 1897 la
2116 1849 2247 1898 sua
2280 1848 2533 1915 mayre
2574 1846 2713 1915 que
2749 1844 2833 1894 no

603 1944 762 2012 sian
812 1944 954 2017 fort
990 1945 1252 2030 petitas
1290 1951 1458 2014 cant
1498 1965 1538 2013 a
1578 1945 1687 2013 lor
1724 1964 1762 2014 e
1811 1964 1953 2031 que
1990 1945 2079 2013 de
2126 1964 2333 2031 mays
2372 1945 2551 2014 hom
2600 1962 2695 2012 no
2739 1942 2832 2011 sia

602 2061 956 2149 tengutz¹.
999 2081 1030 2127 »

694 2177 794 2245 Ita
833 2177 1048 2245 etiam
1094 2178 1171 2245 in
1215 2177 1616 2265 praeceptis
1656 2177 1913 2245 dandis
1955 2177 2206 2247 Beatae
2249 2175 2514 2244 Mariae
2554 2174 2829 2244 laudem

602 2298 834 2371 curat,
873 2297 952 2360 ut
979 2294 1068 2363 ad
1099 2294 1276 2362 haec
1305 2294 1808 2365 confirmanda
1837 2294 2241 2379 permultos
2274 2310 2533 2361 versus
2564 2292 2653 2361 de
2690 2290 2829 2377 ipsa

601 2405 824 2476 Maria
865 2414 990 2477 aut
1019 2410 1106 2477 de
1145 2409 1288 2477 Deo
1326 2408 1789 2481 condiderit’.

693 2524 777 2592 Ut
803 2544 952 2593 rem
979 2526 1231 2612 paucis
1254 2526 1853 2612 complectamur,
1877 2525 1954 2592 in
1976 2529 2224 2612 aperto
2244 2528 2351 2593 est
2370 2522 2828 2593 Guillelmum

604 2635 1070 2710 Molinarium
1116 2659 1263 2709 non
1304 2641 1546 2709 solum
1588 2641 1662 2709 in
1710 2638 1993 2726 Lcyibus
2029 2637 2300 2708 Amoris
2337 2641 2569 2708 honos
2609 2653 2829 2706 mores

605 2756 832 2825 simul
891 2762 960 2825 et
1022 2757 1300 2844 poesim
1355 2762 1705 2842 spectare,
1765 2758 1891 2825 sed
1948 2757 2165 2824 etiam
2224 2761 2453 2824 artem
2516 2749 2829 2840 religioni

535 2960 540 2966 .
605 2871 865 2957 subjici
899 2874 1106 2942 velle.
1143 2871 1322 2940 Cum
1352 2891 1525 2952 vero
1557 2873 1732 2958 quid
1766 2873 1853 2940 de
1880 2872 2015 2941 hoc
2047 2871 2353 2941 consilio
2383 2869 2828 2940 sentiendum

605 2988 698 3056 sit
747 2988 922 3056 satis
961 3005 1310 3074 apparere
1363 2987 1893 3066 existimemuS,
1937 2987 2148 3055 liceat
2196 2987 2404 3056 nobis
2447 2986 2519 3054 id
2562 2989 2828 3054 tantum

603 3105 864 3185 dicere,
910 3104 1094 3171 nihil
1133 3103 1419 3173 obstare
1462 3103 1638 3189 quin
1678 3102 1917 3190 poesis
1954 3121 2033 3172 se
2069 3103 2227 3190 ipsa
2257 3107 2599 3172 contenta
2637 3100 2746 3168 sit.

602 3343 656 3401 si
685 3343 750 3399 in
779 3359 954 3416 opere
984 3343 1085 3414 qui
1116 3360 1276 3404 error
1304 3346 1394 3400 est
1419 3359 1597 3414 quem
1628 3359 1735 3399 nec
1766 3341 2095 3398 secundum
2124 3343 2319 3398 Deum
2363 3359 2474 3398 nec
2512 3338 2823 3398 secundum

605 3429 968 3486 catholicam
1014 3428 1193 3484 fldem
1239 3429 1591 3485 confirmare
1634 3427 1843 3499 possis,
1889 3427 2007 3483 ista.
2054 3426 2354 3484 sententia
2396 3426 2619 3482 vitiosa
2654 3427 2737 3480 eet
2778 3424 2828 3475 et

608 3513 863 3584 indigna,
892 3529 1043 3584 quae
1072 3512 1356 3570 recitetur
1394 3512 1733 3583 litterisque
1762 3511 2081 3568 mandetur
2112 3529 2125 3569 ε
2168 3516 2374 3569 contra
2400 3527 2559 3582 opus
2580 3508 2827 3582 protinus

607 3601 696 3654 est
726 3598 1218 3656 comburendum.
1253 3611 1284 3654 i)
1325 3598 1454 3665 (ΙΙΙ,
1486 3613 1545 3668 p.
1578 3597 1726 3664 122).

677 3711 732 3766 1.
777 3725 807 3764 «
849 3709 1146 3775 Quamvis
1175 3726 1428 3780 magnae
1458 3708 1664 3765 laudes
1694 3708 1767 3765 de
1790 3709 1916 3764 Deo
1945 3712 2004 3765 et
2034 3708 2161 3778 ejus
2192 3712 2383 3764 matre
2411 3702 2617 3764 anim'o
2645 3700 2826 3762 conci-

609 3794 876 3867 piantur,
917 3795 1272 3865 cogitentur,
1306 3793 1606 3860 dieantur,
1640 3794 1752 3850 hae
1782 3797 1981 3849 tamen
2012 3808 2248 3863 semper
2276 3791 2403 3847 illis
2441 3791 2695 3856 (scilicet
2718 3787 2827 3844 Deo

612 3883 672 3935 et
687 3879 944 3946 Mariae)
962 3877 1209 3936 omnino
1223 3882 1364 3934 sunt
1385 3877 1647 3949 impares
1664 3882 1723 3934 et
1743 3877 1905 3933 infra
1918 3876 2150 3934 debitas
2172 3875 2395 3932 laudes.
2417 3891 2447 3929 »
2474 3876 2601 3944 (ΙΙΙ,
2619 3888 2677 3945 p.
2694 3868 2823 3934 126)-

677 3989 730 4047 2.
772 3990 849 4046 V.
879 3989 924 4058 1,
951 3990 1041 4059 30,
1072 3988 1162 4058 32,
1193 3988 1284 4059 40,
1311 3989 1402 4057 46,
1431 3988 1524 4056 52,
1545 3988 1636 4056 54,
1664 3987 1790 4056 106,
1812 3987 1939 4055 108,
1960 3987 2087 4056 112,
2111 3987 2236 4055 114,
2260 3986 2385 4055 116,
2408 3984 2535 4054 118,
2567 3984 2692 4052 124,
2722 3983 2821 4037 etc.
