<?xml version="1.0" encoding="UTF-8"?>
<!DOCTYPE html PUBLIC "-//W3C//DTD XHTML 1.0 Transitional//EN"
    "http://www.w3.org/TR/xhtml1/DTD/xhtml1-transitional.dtd">
<html xmlns="http://www.w3.org/1999/xhtml" xml:lang="en" lang="en">
 <head>
  <title>
</title>
<meta http-equiv="Content-Type" content="text/html;charset=utf-8" />
  <meta name='ocr-system' content='tesseract 3.04.00' />
  <meta name='ocr-capabilities' content='ocr_page ocr_carea ocr_par ocr_line ocrx_word'/>
</head>
<body>
  <div class='ocr_page' id='page_1' title='image "./quaejudiciadeli01andrgoog_0017.png"; bbox 0 0 2894 4999; ppageno 0'>
   <div class='ocr_carea' id='block_1_1' title="bbox 1525 329 1876 435">
    <p class='ocr_par' dir='ltr' id='par_1_1' title="bbox 1525 329 1876 435">
     <span class='ocr_line' id='line_1_1' title="bbox 1525 329 1876 435; baseline -0.003 -19"><span class='ocrx_word' id='word_1_1' title='bbox 1525 329 1876 435; x_wconf 42' lang='lat'>..212-</span> 
     </span>
    </p>
   </div>
   <div class='ocr_carea' id='block_1_2' title="bbox 582 561 2816 746">
    <p class='ocr_par' dir='ltr' id='par_1_2' title="bbox 582 561 2816 746">
     <span class='ocr_line' id='line_1_2' title="bbox 582 561 2816 658; baseline 0.003 -32"><span class='ocrx_word' id='word_1_2' title='bbox 582 561 971 644; x_wconf 78' lang='lat' dir='ltr'>utramque</span> <span class='ocrx_word' id='word_1_3' title='bbox 1010 563 1290 647; x_wconf 81' lang='lat' dir='ltr'>partem</span> <span class='ocrx_word' id='word_1_4' title='bbox 1329 562 1837 650; x_wconf 82' lang='lat' dir='ltr'>disputavisse,</span> <span class='ocrx_word' id='word_1_5' title='bbox 1884 563 2315 649; x_wconf 85' lang='lat' dir='ltr'>gravissima</span> <span class='ocrx_word' id='word_1_6' title='bbox 2356 565 2605 632; x_wconf 84' lang='lat' dir='ltr'>tamen</span> <span class='ocrx_word' id='word_1_7' title='bbox 2656 569 2816 658; x_wconf 79' lang='lat' dir='ltr'>tan-</span> 
     </span>
     <span class='ocr_line' id='line_1_3' title="bbox 585 676 1181 746; baseline 0.002 -3"><span class='ocrx_word' id='word_1_8' title='bbox 585 679 742 743; x_wconf 90' lang='lat' dir='ltr'>tum</span> <span class='ocrx_word' id='word_1_9' title='bbox 773 676 1181 746; x_wconf 70' lang='lat' dir='ltr'>afferemus</span> 
     </span>
    </p>
   </div>
   <div class='ocr_carea' id='block_1_3' title="bbox 1637 872 1759 963">
    <p class='ocr_par' dir='ltr' id='par_1_3' title="bbox 1637 872 1759 963">
     <span class='ocr_line' id='line_1_4' title="bbox 1637 872 1759 963; baseline 0.008 -1"><span class='ocrx_word' id='word_1_10' title='bbox 1637 872 1759 963; x_wconf 38' lang='grc' dir='ltr'>*ἦ*</span> 
     </span>
    </p>
   </div>
   <div class='ocr_carea' id='block_1_4' title="bbox 581 1176 2818 2193">
    <p class='ocr_par' dir='ltr' id='par_1_4' title="bbox 581 1176 2818 2193">
     <span class='ocr_line' id='line_1_5' title="bbox 671 1176 2816 1265; baseline 0.002 -24"><span class='ocrx_word' id='word_1_11' title='bbox 671 1176 856 1244; x_wconf 92' lang='lat' dir='ltr'>Illud</span> <span class='ocrx_word' id='word_1_12' title='bbox 910 1183 1149 1245; x_wconf 88' lang='lat' dir='ltr'>autem</span> <span class='ocrx_word' id='word_1_13' title='bbox 1205 1198 1433 1265; x_wconf 87' lang='lat' dir='ltr'>genus</span> <span class='ocrx_word' id='word_1_14' title='bbox 1488 1179 2048 1247; x_wconf 88' lang='lat' dir='ltr'>Marcabrunum</span> <span class='ocrx_word' id='word_1_15' title='bbox 2104 1180 2424 1265; x_wconf 91' lang='lat' dir='ltr'>primum</span> <span class='ocrx_word' id='word_1_16' title='bbox 2480 1181 2816 1247; x_wconf 91' lang='lat' dir='ltr'>omnium</span> 
     </span>
     <span class='ocr_line' id='line_1_6' title="bbox 584 1295 2818 1377; baseline 0.002 -19"><span class='ocrx_word' id='word_1_17' title='bbox 584 1298 958 1377; x_wconf 87' lang='lat' dir='ltr'>poetarum</span> <span class='ocrx_word' id='word_1_18' title='bbox 992 1295 1436 1362; x_wconf 77' lang='lat' dir='ltr'>affectavisse</span> <span class='ocrx_word' id='word_1_19' title='bbox 1478 1295 1878 1362; x_wconf 77' lang='lat' dir='ltr'>novimus¹.</span> <span class='ocrx_word' id='word_1_20' title='bbox 1925 1295 2199 1362; x_wconf 83' lang='lat' dir='ltr'><strong>Etenim</strong></span> <span class='ocrx_word' id='word_1_21' title='bbox 2236 1313 2381 1363; x_wconf 92' lang='lat' dir='ltr'>non</span> <span class='ocrx_word' id='word_1_22' title='bbox 2412 1295 2664 1362; x_wconf 90' lang='lat' dir='ltr'>solum</span> <span class='ocrx_word' id='word_1_23' title='bbox 2708 1297 2818 1362; x_wconf 87' lang='lat' dir='ltr'>hie</span> 
     </span>
     <span class='ocr_line' id='line_1_7' title="bbox 581 1409 2817 1497; baseline 0 -21"><span class='ocrx_word' id='word_1_24' title='bbox 581 1409 904 1476; x_wconf 88' lang='lat' dir='ltr'>carmina</span> <span class='ocrx_word' id='word_1_25' title='bbox 927 1411 1014 1477; x_wconf 86' lang='lat' dir='ltr'>ad</span> <span class='ocrx_word' id='word_1_26' title='bbox 1037 1411 1234 1477; x_wconf 87' lang='lat' dir='ltr'>illam</span> <span class='ocrx_word' id='word_1_27' title='bbox 1256 1411 1610 1478; x_wconf 88' lang='lat' dir='ltr'>rationem</span> <span class='ocrx_word' id='word_1_28' title='bbox 1633 1411 1729 1477; x_wconf 90' lang='lat' dir='ltr'>ita</span> <span class='ocrx_word' id='word_1_29' title='bbox 1746 1410 2061 1478; x_wconf 84' lang='lat' dir='ltr'>condidit</span> <span class='ocrx_word' id='word_1_30' title='bbox 2087 1416 2165 1478; x_wconf 90' lang='lat' dir='ltr'>ut</span> <span class='ocrx_word' id='word_1_31' title='bbox 2183 1411 2358 1478; x_wconf 86' lang='lat' dir='ltr'>haec</span> <span class='ocrx_word' id='word_1_32' title='bbox 2381 1411 2817 1497; x_wconf 87' lang='lat' dir='ltr'>plerumque</span> 
     </span>
     <span class='ocr_line' id='line_1_8' title="bbox 581 1525 2817 1614; baseline 0.001 -23"><span class='ocrx_word' id='word_1_33' title='bbox 581 1525 1120 1611; x_wconf 87' lang='lat' dir='ltr'>interpretando</span> <span class='ocrx_word' id='word_1_34' title='bbox 1171 1527 1290 1594; x_wconf 85' lang='lat' dir='ltr'>vix</span> <span class='ocrx_word' id='word_1_35' title='bbox 1341 1527 1730 1611; x_wconf 88' lang='lat' dir='ltr'>explanare</span> <span class='ocrx_word' id='word_1_36' title='bbox 1780 1527 2036 1612; x_wconf 89' lang='lat' dir='ltr'>possis,</span> <span class='ocrx_word' id='word_1_37' title='bbox 2094 1528 2217 1593; x_wconf 92' lang='lat' dir='ltr'>sed</span> <span class='ocrx_word' id='word_1_38' title='bbox 2267 1527 2484 1593; x_wconf 89' lang='lat' dir='ltr'>etiam</span> <span class='ocrx_word' id='word_1_39' title='bbox 2528 1527 2608 1592; x_wconf 92' lang='lat' dir='ltr'>in</span> <span class='ocrx_word' id='word_1_40' title='bbox 2662 1526 2817 1614; x_wconf 81' lang='lat' dir='ltr'>ejus</span> 
     </span>
     <span class='ocr_line' id='line_1_9' title="bbox 583 1642 2817 1728; baseline -0 -20"><span class='ocrx_word' id='word_1_41' title='bbox 583 1642 921 1728; x_wconf 88' lang='lat' dir='ltr'>operibus</span> <span class='ocrx_word' id='word_1_42' title='bbox 953 1643 1366 1728; x_wconf 84' lang='lat' dir='ltr'>complures</span> <span class='ocrx_word' id='word_1_43' title='bbox 1400 1643 1594 1710; x_wconf 90' lang='lat' dir='ltr'>locos</span> <span class='ocrx_word' id='word_1_44' title='bbox 1627 1642 1940 1728; x_wconf 87' lang='lat' dir='ltr'>reperire</span> <span class='ocrx_word' id='word_1_45' title='bbox 1972 1649 2075 1709; x_wconf 91' lang='lat' dir='ltr'>est</span> <span class='ocrx_word' id='word_1_46' title='bbox 2119 1643 2382 1727; x_wconf 89' lang='lat' dir='ltr'>quibus</span> <span class='ocrx_word' id='word_1_47' title='bbox 2414 1643 2817 1710; x_wconf 87' lang='lat' dir='ltr'>obscurum</span> 
     </span>
     <span class='ocr_line' id='line_1_10' title="bbox 583 1758 2815 1844; baseline -0.001 -20"><span class='ocrx_word' id='word_1_48' title='bbox 583 1758 942 1825; x_wconf 85' lang='lat' dir='ltr'>scribendi</span> <span class='ocrx_word' id='word_1_49' title='bbox 991 1777 1219 1844; x_wconf 84' lang='lat' dir='ltr'>genus</span> <span class='ocrx_word' id='word_1_50' title='bbox 1272 1759 1420 1844; x_wconf 79' lang='lat' dir='ltr'>iam</span> <span class='ocrx_word' id='word_1_51' title='bbox 1470 1765 1626 1825; x_wconf 89' lang='lat' dir='ltr'>tum</span> <span class='ocrx_word' id='word_1_52' title='bbox 1677 1759 1749 1825; x_wconf 91' lang='lat' dir='ltr'>in</span> <span class='ocrx_word' id='word_1_53' title='bbox 1805 1758 2377 1825; x_wconf 84' lang='lat' dir='ltr'>existimantium</span> <span class='ocrx_word' id='word_1_54' title='bbox 2427 1758 2815 1826; x_wconf 81' lang='lat' dir='ltr'>arbitrium</span> 
     </span>
     <span class='ocr_line' id='line_1_11' title="bbox 583 1874 2818 1961; baseline 0 -21"><span class='ocrx_word' id='word_1_55' title='bbox 583 1874 867 1941; x_wconf 91' lang='lat' dir='ltr'>venisse</span> <span class='ocrx_word' id='word_1_56' title='bbox 920 1875 1318 1961; x_wconf 78' lang='lat' dir='ltr'>intellegas,</span> <span class='ocrx_word' id='word_1_57' title='bbox 1377 1875 1553 1954; x_wconf 88' lang='lat' dir='ltr'>Imo,</span> <span class='ocrx_word' id='word_1_58' title='bbox 1609 1893 1850 1941; x_wconf 92' lang='lat' dir='ltr'>nonne</span> <span class='ocrx_word' id='word_1_59' title='bbox 1902 1875 2422 1940; x_wconf 89' lang='lat' dir='ltr'>Marcabrunus</span> <span class='ocrx_word' id='word_1_60' title='bbox 2473 1874 2632 1959; x_wconf 90' lang='lat' dir='ltr'>ipse</span> <span class='ocrx_word' id='word_1_61' title='bbox 2687 1875 2818 1940; x_wconf 86' lang='lat' dir='ltr'>hoo</span> 
     </span>
     <span class='ocr_line' id='line_1_12' title="bbox 581 1990 2815 2076; baseline -0.001 -20"><span class='ocrx_word' id='word_1_62' title='bbox 581 1991 738 2058; x_wconf 93' lang='lat' dir='ltr'>loco</span> <span class='ocrx_word' id='word_1_63' title='bbox 765 1991 984 2058; x_wconf 90' lang='lat' dir='ltr'>simul</span> <span class='ocrx_word' id='word_1_64' title='bbox 1027 1996 1093 2058; x_wconf 91' lang='lat' dir='ltr'>et</span> <span class='ocrx_word' id='word_1_65' title='bbox 1124 1992 1317 2076; x_wconf 87' lang='lat' dir='ltr'>quod</span> <span class='ocrx_word' id='word_1_66' title='bbox 1345 1991 1690 2057; x_wconf 89' lang='lat' dir='ltr'>orationis</span> <span class='ocrx_word' id='word_1_67' title='bbox 1731 2009 1959 2076; x_wconf 83' lang='lat' dir='ltr'>genus</span> <span class='ocrx_word' id='word_1_68' title='bbox 1986 1990 2460 2076; x_wconf 85' lang='lat' dir='ltr'>assumpserit</span> <span class='ocrx_word' id='word_1_69' title='bbox 2490 1990 2815 2075; x_wconf 88' lang='lat' dir='ltr'>profiteri</span> 
     </span>
     <span class='ocr_line' id='line_1_13' title="bbox 581 2104 2010 2193; baseline -0.001 -19"><span class='ocrx_word' id='word_1_70' title='bbox 581 2112 648 2174; x_wconf 91' lang='lat' dir='ltr'>et</span> <span class='ocrx_word' id='word_1_71' title='bbox 687 2107 1014 2193; x_wconf 89' lang='lat' dir='ltr'>ejusdem</span> <span class='ocrx_word' id='word_1_72' title='bbox 1046 2107 1216 2174; x_wconf 87' lang='lat' dir='ltr'>vitia</span> <span class='ocrx_word' id='word_1_73' title='bbox 1249 2124 1637 2192; x_wconf 78' lang='lat' dir='ltr'>agnoscere</span> <span class='ocrx_word' id='word_1_74' title='bbox 1667 2106 1949 2174; x_wconf 87' lang='lat' dir='ltr'>videtur</span> <span class='ocrx_word' id='word_1_75' title='bbox 1972 2104 2010 2172; x_wconf 77' lang='lat'>⁶?</span> 
     </span>
    </p>
   </div>
   <div class='ocr_carea' id='block_1_5' title="bbox 1134 2302 2870 2921">
    <p class='ocr_par' dir='ltr' id='par_1_5' title="bbox 1135 2302 2089 2379">
     <span class='ocr_line' id='line_1_14' title="bbox 1135 2302 2089 2379; baseline 0 -19"><span class='ocrx_word' id='word_1_76' title='bbox 1135 2302 1262 2360; x_wconf 78' lang='lat' dir='ltr'>Per</span> <span class='ocrx_word' id='word_1_77' title='bbox 1284 2303 1453 2360; x_wconf 82' lang='lat' dir='ltr'>savil</span> <span class='ocrx_word' id='word_1_78' title='bbox 1482 2309 1620 2360; x_wconf 75' lang='lat' dir='ltr'>tenc</span> <span class='ocrx_word' id='word_1_79' title='bbox 1651 2321 1743 2360; x_wconf 82' lang='lat' dir='ltr'>ses</span> <span class='ocrx_word' id='word_1_80' title='bbox 1769 2304 2089 2379; x_wconf 76' lang='lat' dir='ltr'>doptcmsa</span> 
     </span>
    </p>

    <p class='ocr_par' dir='ltr' id='par_1_6' title="bbox 1137 2397 2150 2474">
     <span class='ocr_line' id='line_1_15' title="bbox 1137 2397 2150 2474; baseline -0.001 -19"><span class='ocrx_word' id='word_1_81' title='bbox 1137 2397 1229 2455; x_wconf 82' lang='lat' dir='ltr'>cel</span> <span class='ocrx_word' id='word_1_82' title='bbox 1259 2397 1372 2474; x_wconf 69' lang='lat' dir='ltr'>qui</span> <span class='ocrx_word' id='word_1_83' title='bbox 1401 2398 1479 2455; x_wconf 84' lang='lat' dir='ltr'>de</span> <span class='ocrx_word' id='word_1_84' title='bbox 1507 2415 1660 2454; x_wconf 80' lang='lat' dir='ltr'>mon</span> <span class='ocrx_word' id='word_1_85' title='bbox 1690 2399 1885 2455; x_wconf 76' lang='lat' dir='ltr'>chant</span> <span class='ocrx_word' id='word_1_86' title='bbox 1914 2398 2150 2454; x_wconf 67' lang='lat' dir='ltr'>devina</span> 
     </span>
    </p>

    <p class='ocr_par' dir='ltr' id='par_1_7' title="bbox 1134 2490 2126 2569">
     <span class='ocr_line' id='line_1_16' title="bbox 1134 2490 2126 2569; baseline -0.001 -19"><span class='ocrx_word' id='word_1_87' title='bbox 1134 2510 1200 2550; x_wconf 89' lang='lat' dir='ltr'>so</span> <span class='ocrx_word' id='word_1_88' title='bbox 1232 2511 1350 2569; x_wconf 82' lang='lat' dir='ltr'>que</span> <span class='ocrx_word' id='word_1_89' title='bbox 1379 2493 1645 2550; x_wconf 78' lang='lat' dir='ltr'>chascus</span> <span class='ocrx_word' id='word_1_90' title='bbox 1677 2508 1817 2549; x_wconf 68' lang='lat' dir='ltr'>rmoz</span> <span class='ocrx_word' id='word_1_91' title='bbox 1848 2490 2126 2562; x_wconf 77' lang='lat' dir='ltr'>declina,</span> 
     </span>
    </p>

    <p class='ocr_par' dir='ltr' id='par_1_8' title="bbox 1134 2585 2870 2921">
     <span class='ocr_line' id='line_1_17' title="bbox 1136 2585 2870 2661; baseline -0.001 -18"><span class='ocrx_word' id='word_1_92' title='bbox 1136 2586 1188 2643; x_wconf 77' lang='lat' dir='ltr'>si</span> <span class='ocrx_word' id='word_1_93' title='bbox 1221 2604 1369 2643; x_wconf 74' lang='lat' dir='ltr'>eum</span> <span class='ocrx_word' id='word_1_94' title='bbox 1403 2586 1469 2643; x_wconf 84' lang='lat' dir='ltr'>Ia</span> <span class='ocrx_word' id='word_1_95' title='bbox 1500 2602 1681 2643; x_wconf 68' lang='lat' dir='ltr'>ratos</span> <span class='ocrx_word' id='word_1_96' title='bbox 1712 2585 1999 2661; x_wconf 75' lang='lat' dir='ltr'>(Iespleia</span> <span class='ocrx_word' id='word_1_97' title='bbox 2035 2606 2052 2642; x_wconf 93' lang='lat'>.·</span> <span class='ocrx_word' id='word_1_98' title='bbox 2868 2588 2870 2595; x_wconf 87' lang='lat'>&#39;</span> 
     </span>
     <span class='ocr_line' id='line_1_18' title="bbox 1137 2602 2870 2801; baseline -0.002 -64"><span class='ocrx_word' id='word_1_99' title='bbox 1137 2680 1321 2755; x_wconf 79' lang='lat' dir='ltr'>qu’eu</span> <span class='ocrx_word' id='word_1_100' title='bbox 1352 2680 1583 2737; x_wconf 73' lang='lat' dir='ltr'>mezee&#39;s</span> <span class='ocrx_word' id='word_1_101' title='bbox 1614 2680 1714 2737; x_wconf 77' lang='lat' dir='ltr'>sni</span> <span class='ocrx_word' id='word_1_102' title='bbox 1748 2698 1820 2736; x_wconf 74' lang='lat' dir='ltr'>en</span> <span class='ocrx_word' id='word_1_103' title='bbox 1856 2698 2122 2736; x_wconf 62' lang='lat' dir='ltr'>ere-aresti</span> <span class='ocrx_word' id='word_1_104' title='bbox 2866 2602 2870 2801; x_wconf 40' lang='grc' dir='ltr'>ἱ</span> 
     </span>
     <span class='ocr_line' id='line_1_19' title="bbox 1134 2772 2870 2921; baseline -0.001 -90"><span class='ocrx_word' id='word_1_105' title='bbox 1134 2772 1507 2831; x_wconf 74' lang='lat' dir='ltr'>d&#39;esclarzir</span> <span class='ocrx_word' id='word_1_106' title='bbox 1527 2772 1792 2849; x_wconf 77' lang='lat' dir='ltr'>paraul’</span> <span class='ocrx_word' id='word_1_107' title='bbox 1824 2776 2105 2831; x_wconf 77' lang='lat' dir='ltr'>escura&#39;.</span> <span class='ocrx_word' id='word_1_108' title='bbox 2866 2802 2870 2921; x_wconf 66' lang='lat' dir='ltr'>l</span> 
     </span>
    </p>
   </div>
   <div class='ocr_carea' id='block_1_6' title="bbox 577 2959 2868 3279">
    <p class='ocr_par' dir='ltr' id='par_1_9' title="bbox 577 2959 2868 3279">
     <span class='ocr_line' id='line_1_20' title="bbox 578 2959 2868 3047; baseline -0.002 -19"><span class='ocrx_word' id='word_1_109' title='bbox 578 2961 841 3028; x_wconf 91' lang='lat' dir='ltr'>Mirum</span> <span class='ocrx_word' id='word_1_110' title='bbox 900 2962 1216 3047; x_wconf 80' lang='lat' dir='ltr'>proiecto</span> <span class='ocrx_word' id='word_1_111' title='bbox 1276 2967 1559 3047; x_wconf 88' lang='lat' dir='ltr'>poetam</span> <span class='ocrx_word' id='word_1_112' title='bbox 1629 2961 1915 3027; x_wconf 84' lang='lat' dir='ltr'>obscuri</span> <span class='ocrx_word' id='word_1_113' title='bbox 1975 2960 2257 3045; x_wconf 85' lang='lat' dir='ltr'>generis</span> <span class='ocrx_word' id='word_1_114' title='bbox 2316 2960 2680 3027; x_wconf 80' lang='lat' dir='ltr'>fautorem</span> <span class='ocrx_word' id='word_1_115' title='bbox 2748 2959 2814 3026; x_wconf 90' lang='lat' dir='ltr'>id</span> <span class='ocrx_word' id='word_1_116' title='bbox 2866 3010 2868 3041; x_wconf 75' lang='grc'>,</span> 
     </span>
     <span class='ocr_line' id='line_1_21' title="bbox 577 3074 2868 3144; baseline -0.021 0"><span class='ocrx_word' id='word_1_117' title='bbox 577 3077 901 3144; x_wconf 85' lang='lat' dir='ltr'>confiteri</span> <span class='ocrx_word' id='word_1_118' title='bbox 939 3078 952 3143; x_wconf 83' lang='lat' dir='ltr'>l</span> <span class='ocrx_word' id='word_1_119' title='bbox 2866 3074 2868 3077; x_wconf 51' lang='lat'>&lt;</span> 
     </span>
     <span class='ocr_line' id='line_1_22' title="bbox 666 3188 2868 3279; baseline -0.002 -19"><span class='ocrx_word' id='word_1_120' title='bbox 666 3192 876 3278; x_wconf 87' lang='lat' dir='ltr'>Apud</span> <span class='ocrx_word' id='word_1_121' title='bbox 934 3194 1224 3261; x_wconf 90' lang='lat' dir='ltr'>Petrum</span> <span class='ocrx_word' id='word_1_122' title='bbox 1282 3193 1691 3260; x_wconf 90' lang='lat' dir='ltr'>Arvernum</span> <span class='ocrx_word' id='word_1_123' title='bbox 1751 3188 2134 3279; x_wconf 83' lang='lat'>(1158—80),</span> <span class='ocrx_word' id='word_1_124' title='bbox 2191 3209 2431 3276; x_wconf 89' lang='lat' dir='ltr'>quem,</span> <span class='ocrx_word' id='word_1_125' title='bbox 2486 3191 2620 3258; x_wconf 91' lang='lat' dir='ltr'>etsi</span> <span class='ocrx_word' id='word_1_126' title='bbox 2677 3193 2815 3259; x_wconf 84' lang='lat' dir='ltr'>ali·</span> <span class='ocrx_word' id='word_1_127' title='bbox 2866 3206 2868 3225; x_wconf 80' lang='lat'><strong>²</strong></span> 
     </span>
    </p>
   </div>
   <div class='ocr_carea' id='block_1_7' title="bbox 575 3394 2815 3807">
    <p class='ocr_par' dir='ltr' id='par_1_10' title="bbox 575 3394 2815 3807">
     <span class='ocr_line' id='line_1_23' title="bbox 646 3394 2815 3468; baseline -0 -17"><span class='ocrx_word' id='word_1_128' title='bbox 646 3398 698 3452; x_wconf 89' lang='lat'>1.</span> <span class='ocrx_word' id='word_1_129' title='bbox 742 3396 911 3460; x_wconf 86' lang='lat' dir='ltr'>Quod</span> <span class='ocrx_word' id='word_1_130' title='bbox 941 3398 1015 3453; x_wconf 86' lang='lat' dir='ltr'>ad</span> <span class='ocrx_word' id='word_1_131' title='bbox 1047 3402 1316 3468; x_wconf 81' lang='lat' dir='ltr'>tempora</span> <span class='ocrx_word' id='word_1_132' title='bbox 1343 3398 1582 3463; x_wconf 81' lang='lat' dir='ltr'>attinet,</span> <span class='ocrx_word' id='word_1_133' title='bbox 1616 3397 1814 3451; x_wconf 87' lang='lat' dir='ltr'>virum</span> <span class='ocrx_word' id='word_1_134' title='bbox 1846 3395 2259 3450; x_wconf 86' lang='lat' dir='ltr'>doctissimum</span> <span class='ocrx_word' id='word_1_135' title='bbox 2290 3394 2618 3451; x_wconf 89' lang='lat' dir='ltr'>Camillum</span> <span class='ocrx_word' id='word_1_136' title='bbox 2651 3395 2815 3450; x_wconf 66' lang='lat' dir='ltr'>Clea-</span> 
     </span>
     <span class='ocr_line' id='line_1_24' title="bbox 577 3477 2813 3553; baseline -0.001 -18"><span class='ocrx_word' id='word_1_137' title='bbox 577 3482 810 3537; x_wconf 82' lang='lat' dir='ltr'>ba-neau</span> <span class='ocrx_word' id='word_1_138' title='bbox 836 3482 1160 3552; x_wconf 85' lang='lat' dir='ltr'>sequimur,</span> <span class='ocrx_word' id='word_1_139' title='bbox 1194 3483 1294 3553; x_wconf 92' lang='lat' dir='ltr'>qui</span> <span class='ocrx_word' id='word_1_140' title='bbox 1327 3482 1389 3537; x_wconf 91' lang='lat' dir='ltr'>in</span> <span class='ocrx_word' id='word_1_141' title='bbox 1417 3500 1483 3536; x_wconf 91' lang='lat' dir='ltr'>eo</span> <span class='ocrx_word' id='word_1_142' title='bbox 1514 3482 1664 3536; x_wconf 88' lang='lat' dir='ltr'>libro</span> <span class='ocrx_word' id='word_1_143' title='bbox 1691 3481 1786 3535; x_wconf 87' lang='lat' dir='ltr'>eui</span> <span class='ocrx_word' id='word_1_144' title='bbox 1818 3480 2031 3535; x_wconf 86' lang='lat' dir='ltr'>titulus</span> <span class='ocrx_word' id='word_1_145' title='bbox 2076 3496 2104 3530; x_wconf 77' lang='lat' dir='ltr'>a</span> <span class='ocrx_word' id='word_1_146' title='bbox 2131 3480 2243 3534; x_wconf 82' lang='lat' dir='ltr'>Les</span> <span class='ocrx_word' id='word_1_147' title='bbox 2270 3477 2679 3552; x_wconf 70' lang='lat' dir='ltr'>Bioqrapleies</span> <span class='ocrx_word' id='word_1_148' title='bbox 2716 3479 2813 3535; x_wconf 79' lang='lat' dir='ltr'>des</span> 
     </span>
     <span class='ocr_line' id='line_1_25' title="bbox 581 3564 2813 3640; baseline -0 -19"><span class='ocrx_word' id='word_1_149' title='bbox 581 3564 1009 3621; x_wconf 78' lang='lat' dir='ltr'>Troubadours</span> <span class='ocrx_word' id='word_1_150' title='bbox 1055 3585 1126 3622; x_wconf 83' lang='lat' dir='ltr'>en</span> <span class='ocrx_word' id='word_1_151' title='bbox 1171 3568 1390 3639; x_wconf 65' lang='lat' dir='ltr'>lateque</span> <span class='ocrx_word' id='word_1_152' title='bbox 1426 3566 1787 3640; x_wconf 62' lang='lat' dir='ltr'>prorem-ale</span> <span class='ocrx_word' id='word_1_153' title='bbox 1822 3581 1849 3616; x_wconf 85' lang='grc'><em>»</em></span> <span class='ocrx_word' id='word_1_154' title='bbox 1906 3582 2143 3619; x_wconf 86' lang='lat' dir='ltr'>summa</span> <span class='ocrx_word' id='word_1_155' title='bbox 2184 3564 2503 3633; x_wconf 81' lang='lat' dir='ltr'>diligentia</span> <span class='ocrx_word' id='word_1_156' title='bbox 2545 3566 2813 3633; x_wconf 85' lang='lat' dir='ltr'>pruden-</span> 
     </span>
     <span class='ocr_line' id='line_1_26' title="bbox 576 3648 2812 3721; baseline -0.001 -15"><span class='ocrx_word' id='word_1_157' title='bbox 576 3652 797 3721; x_wconf 87' lang='lat' dir='ltr'>tiaque,</span> <span class='ocrx_word' id='word_1_158' title='bbox 849 3656 906 3706; x_wconf 90' lang='lat' dir='ltr'>et</span> <span class='ocrx_word' id='word_1_159' title='bbox 953 3652 1114 3708; x_wconf 88' lang='lat' dir='ltr'>intra</span> <span class='ocrx_word' id='word_1_160' title='bbox 1165 3653 1443 3707; x_wconf 83' lang='lat' dir='ltr'>certiores</span> <span class='ocrx_word' id='word_1_161' title='bbox 1492 3653 1637 3707; x_wconf 88' lang='lat' dir='ltr'>fines</span> <span class='ocrx_word' id='word_1_162' title='bbox 1686 3668 1861 3720; x_wconf 89' lang='lat' dir='ltr'>quam</span> <span class='ocrx_word' id='word_1_163' title='bbox 1914 3650 2261 3705; x_wconf 81' lang='lat' dir='ltr'>Frederieus</span> <span class='ocrx_word' id='word_1_164' title='bbox 2310 3648 2478 3709; x_wconf 57' lang='lat' dir='ltr'>Dies,</span> <span class='ocrx_word' id='word_1_165' title='bbox 2535 3648 2611 3703; x_wconf 87' lang='lat' dir='ltr'>ad</span> <span class='ocrx_word' id='word_1_166' title='bbox 2667 3666 2812 3720; x_wconf 89' lang='lat' dir='ltr'>quos</span> 
     </span>
     <span class='ocr_line' id='line_1_27' title="bbox 575 3732 2624 3807; baseline -0.001 -17"><span class='ocrx_word' id='word_1_167' title='bbox 575 3753 760 3791; x_wconf 87' lang='lat' dir='ltr'>annos</span> <span class='ocrx_word' id='word_1_168' title='bbox 790 3736 1163 3792; x_wconf 87' lang='lat' dir='ltr'>Australium</span> <span class='ocrx_word' id='word_1_169' title='bbox 1197 3743 1501 3807; x_wconf 87' lang='lat' dir='ltr'>poetarum</span> <span class='ocrx_word' id='word_1_170' title='bbox 1536 3736 1805 3790; x_wconf 79' lang='lat' dir='ltr'>earmina</span> <span class='ocrx_word' id='word_1_171' title='bbox 1840 3735 2046 3789; x_wconf 80' lang='lat' dir='ltr'>referri</span> <span class='ocrx_word' id='word_1_172' title='bbox 2078 3739 2335 3805; x_wconf 82' lang='lat' dir='ltr'>possent,</span> <span class='ocrx_word' id='word_1_173' title='bbox 2369 3732 2624 3789; x_wconf 84' lang='lat' dir='ltr'>notavit.</span> 
     </span>
    </p>
   </div>
   <div class='ocr_carea' id='block_1_8' title="bbox 576 3846 2811 4176">
    <p class='ocr_par' dir='ltr' id='par_1_11' title="bbox 576 3846 2811 4176">
     <span class='ocr_line' id='line_1_28' title="bbox 645 3846 2811 3917; baseline -0.001 -15"><span class='ocrx_word' id='word_1_174' title='bbox 645 3847 697 3902; x_wconf 81' lang='lat'>2.</span> <span class='ocrx_word' id='word_1_175' title='bbox 742 3863 770 3900; x_wconf 91' lang='lat'>«</span> <span class='ocrx_word' id='word_1_176' title='bbox 806 3847 1089 3917; x_wconf 87' lang='lat' dir='ltr'>Sagaeem</span> <span class='ocrx_word' id='word_1_177' title='bbox 1117 3866 1252 3903; x_wconf 90' lang='lat' dir='ltr'>eum</span> <span class='ocrx_word' id='word_1_178' title='bbox 1284 3848 1432 3903; x_wconf 89' lang='lat' dir='ltr'>duco</span> <span class='ocrx_word' id='word_1_179' title='bbox 1464 3848 1592 3902; x_wconf 89' lang='lat' dir='ltr'>sine</span> <span class='ocrx_word' id='word_1_180' title='bbox 1619 3848 1744 3902; x_wconf 88' lang='lat' dir='ltr'>ulla</span> <span class='ocrx_word' id='word_1_181' title='bbox 1764 3846 2138 3901; x_wconf 85' lang='lat' dir='ltr'>dubitatione</span> <span class='ocrx_word' id='word_1_182' title='bbox 2165 3846 2265 3915; x_wconf 92' lang='lat' dir='ltr'>qui</span> <span class='ocrx_word' id='word_1_183' title='bbox 2293 3846 2356 3900; x_wconf 90' lang='lat' dir='ltr'>in</span> <span class='ocrx_word' id='word_1_184' title='bbox 2384 3862 2514 3900; x_wconf 90' lang='lat' dir='ltr'>meo</span> <span class='ocrx_word' id='word_1_185' title='bbox 2540 3846 2811 3901; x_wconf 84' lang='lat' dir='ltr'>carmine</span> 
     </span>
     <span class='ocr_line' id='line_1_29' title="bbox 577 3930 2807 4002; baseline -0 -15"><span class='ocrx_word' id='word_1_186' title='bbox 577 3932 719 4002; x_wconf 92' lang='lat' dir='ltr'>quid</span> <span class='ocrx_word' id='word_1_187' title='bbox 769 3932 1040 4002; x_wconf 90' lang='lat' dir='ltr'>quodque</span> <span class='ocrx_word' id='word_1_188' title='bbox 1083 3933 1330 3987; x_wconf 80' lang='lat' dir='ltr'>verbum</span> <span class='ocrx_word' id='word_1_189' title='bbox 1390 3932 1552 3986; x_wconf 86' lang='lat' dir='ltr'>dicat</span> <span class='ocrx_word' id='word_1_190' title='bbox 1596 3932 1894 3999; x_wconf 82' lang='lat' dir='ltr'>intellegit</span> <span class='ocrx_word' id='word_1_191' title='bbox 1942 3936 2000 3985; x_wconf 84' lang='lat' dir='ltr'>et</span> <span class='ocrx_word' id='word_1_192' title='bbox 2049 3930 2338 4000; x_wconf 87' lang='lat' dir='ltr'>quomodo</span> <span class='ocrx_word' id='word_1_193' title='bbox 2385 3935 2807 3999; x_wconf 84' lang='lat' dir='ltr'>argumentum</span> 
     </span>
     <span class='ocr_line' id='line_1_30' title="bbox 577 4015 2805 4087; baseline -0 -16"><span class='ocrx_word' id='word_1_194' title='bbox 577 4017 909 4087; x_wconf 78' lang='lat' dir='ltr'>explicetur</span> <span class='ocrx_word' id='word_1_195' title='bbox 933 4035 945 4072; x_wconf 90' lang='lat'>:</span> <span class='ocrx_word' id='word_1_196' title='bbox 981 4034 1119 4071; x_wconf 86' lang='lat' dir='ltr'>nam</span> <span class='ocrx_word' id='word_1_197' title='bbox 1149 4018 1301 4072; x_wconf 87' lang='lat' dir='ltr'>mihi</span> <span class='ocrx_word' id='word_1_198' title='bbox 1329 4018 1445 4087; x_wconf 87' lang='lat' dir='ltr'>ipsi</span> <span class='ocrx_word' id='word_1_199' title='bbox 1470 4023 1556 4072; x_wconf 86' lang='lat' dir='ltr'>est</span> <span class='ocrx_word' id='word_1_200' title='bbox 1583 4017 1781 4086; x_wconf 84' lang='lat' dir='ltr'>inopia</span> <span class='ocrx_word' id='word_1_201' title='bbox 1807 4015 2065 4080; x_wconf 84' lang='lat' dir='ltr'>consilii,</span> <span class='ocrx_word' id='word_1_202' title='bbox 2090 4016 2190 4070; x_wconf 90' lang='lat' dir='ltr'>ubi</span> <span class='ocrx_word' id='word_1_203' title='bbox 2217 4016 2531 4070; x_wconf 82' lang='lat' dir='ltr'>obscurum</span> <span class='ocrx_word' id='word_1_204' title='bbox 2554 4016 2805 4070; x_wconf 83' lang='lat' dir='ltr'>verbum</span> 
     </span>
     <span class='ocr_line' id='line_1_31' title="bbox 576 4098 2804 4176; baseline 0 -19"><span class='ocrx_word' id='word_1_205' title='bbox 576 4101 729 4157; x_wconf 91' lang='lat' dir='ltr'>mihi</span> <span class='ocrx_word' id='word_1_206' title='bbox 769 4102 1214 4172; x_wconf 85' lang='lat' dir='ltr'>explanandum</span> <span class='ocrx_word' id='word_1_207' title='bbox 1247 4108 1355 4156; x_wconf 86' lang='lat' dir='ltr'>est.</span> <span class='ocrx_word' id='word_1_208' title='bbox 1392 4118 1420 4154; x_wconf 88' lang='lat'>»</span> <span class='ocrx_word' id='word_1_209' title='bbox 1455 4102 1609 4169; x_wconf 76' lang='lat' dir='ltr'>(Per</span> <span class='ocrx_word' id='word_1_210' title='bbox 1636 4100 1792 4155; x_wconf 70' lang='lat' dir='ltr'>sac-il</span> <span class='ocrx_word' id='word_1_211' title='bbox 1824 4104 1953 4155; x_wconf 76' lang='lat' dir='ltr'>tenc</span> <span class='ocrx_word' id='word_1_212' title='bbox 1990 4118 2082 4154; x_wconf 79' lang='lat' dir='ltr'>scs</span> <span class='ocrx_word' id='word_1_213' title='bbox 2114 4098 2431 4176; x_wconf 80' lang='lat' dir='ltr'>doptansa,</span> <span class='ocrx_word' id='word_1_214' title='bbox 2465 4116 2523 4155; x_wconf 87' lang='lat' dir='ltr'>v.</span> <span class='ocrx_word' id='word_1_215' title='bbox 2552 4100 2680 4158; x_wconf 79' lang='lat'>1-6.</span> <span class='ocrx_word' id='word_1_216' title='bbox 2716 4100 2804 4157; x_wconf 88' lang='lat' dir='ltr'>M.</span> 
     </span>
    </p>
   </div>
   <div class='ocr_carea' id='block_1_9' title="bbox 579 4186 1284 4277">
    <p class='ocr_par' dir='ltr' id='par_1_12' title="bbox 579 4186 1284 4277">
     <span class='ocr_line' id='line_1_32' title="bbox 579 4186 1284 4277; baseline -0.007 -31"><span class='ocrx_word' id='word_1_217' title='bbox 579 4188 652 4246; x_wconf 90' lang='lat' dir='ltr'>G.</span> <span class='ocrx_word' id='word_1_218' title='bbox 680 4186 804 4243; x_wconf 81' lang='lat'><strong>722.</strong></span> <span class='ocrx_word' id='word_1_219' title='bbox 837 4204 908 4243; x_wconf 84' lang='lat' dir='ltr'>ex</span> <span class='ocrx_word' id='word_1_220' title='bbox 940 4186 1066 4243; x_wconf 86' lang='lat' dir='ltr'>cod.</span> <span class='ocrx_word' id='word_1_221' title='bbox 1101 4188 1171 4253; x_wconf 88' lang='lat'>1.)</span> <span class='ocrx_word' id='word_1_222' title='bbox 1279 4270 1284 4277; x_wconf 17' lang='grc' dir='ltr'><strong>μ</strong></span> 
     </span>
    </p>
   </div>
  </div>
 </body>
</html>
