2894 4999
997 419 1346 490 -27-

43 615 503 686 affectatione
577 618 1090 686 commendare
1172 620 1409 688 conati
1496 619 1663 689 sint.
1740 619 2026 688 Falsum
2115 595 2288 689 vero

1 736 522 819 iputaverunt,
589 753 757 804 cum
823 734 1005 802 nihil
1067 741 1255 804 esset
1320 755 1453 807 cur
1504 736 1595 803 ad
1656 737 1870 803 istam
1934 736 2286 805 lubricam

48 855 285 918 artem
325 851 820 936 confugerent.
867 851 1513 937 Namscriptorem
1554 870 1636 919 ea
1677 871 1859 939 quae
1894 854 2094 920 ‘haud
2134 855 2289 922 sine

1 1048 5 1059 y
49 966 379 1052 periculo
435 972 680 1055 aperte
741 958 1070 1052 expromi
1124 974 1429 1053 possunt
1483 969 1689 1036 tectis
1753 969 1992 1037 verbis
2054 970 2289 1038 dicere

48 1082 216 1152 licet
252 1106 270 1164 3
318 1084 445 1151 sed
483 1083 968 1151 provinciales
1009 1084 1298 1170 lyricos,
1345 1085 1513 1170 quia
1554 1084 1716 1152 ficta
1759 1087 1871 1154 vel
1912 1105 2289 1154 commen-

49 1199 216 1268 ticia
260 1198 695 1286 plerumque
740 1199 1245 1285 loquebantur,
1297 1200 1864 1286 simplicioribus
1903 1202 2143 1270 verbis
2188 1203 2288 1270 uti

49 1313 318 1384 decuit.
355 1315 634 1383 Etenim
667 1315 973 1383 orationi
1005 1315 1519 1383 obscuritatem
1552 1317 1913 1388 atterendo
1946 1318 2016 1385 id
2048 1319 2286 1386 solum

0 1424 2 1427 ⁴
49 1431 448 1500 effecerunt
506 1436 587 1499 ut
643 1432 1037 1518 legentium
1102 1432 1386 1499 animos
1450 1451 1694 1500 rerum
1756 1433 1999 1520 inopia
2058 1435 2287 1521 magis

1 1562 4 1565 ·
49 1547 267 1616 etiam
301 1547 772 1616 offenderent.
1520 1625 1523 1628 ,

135 1663 476 1731 Ceterum
505 1665 700 1734 haud
727 1664 1030 1732 dubium
1065 1668 1172 1762 est
1199 1665 1375 1749 quin
1408 1664 1797 1733 obscurum
1841 1684 2070 1751 genus
2097 1669 2288 1753 apud

47 1779 540 1848 Provinciales
590 1786 882 1869 propter
921 1782 1354 1866 exquisitius
1407 1783 1760 1868 jqdieium
1816 1784 1931 1850 his
1985 1784 2286 1851 insitum

1 1920 3 1923 ’
51 1897 487 1982 praesertim
528 1897 942 1967 invaluerit.
988 1895 1189 1978 Quod
1229 1897 1288 1966 si
1331 1917 1475 1965 non
1517 1899 1793 1978 fuisset,
1839 1898 2020 1967 illud
2059 1897 2287 1985 genus

49 2013 475 2082 ineuntibus
507 2013 766 2082 litteris
793 2032 941 2081 non
981 2017 1222 2093 ortum
1254 2019 1469 2082 esset.
1502 2013 1845 2094 Quamvis
1887 2017 2285 2084 multorum

50 2129 496 2214 populorum
553 2134 801 2215 poetae
843 2129 1345 2215 respiciantur,
1393 2131 1530 2197 hoc
1580 2131 1665 2198 de
1718 2131 2287 2212 Provincialibus

0 2284 6 2337 ;
50 2250 337 2314 tantum
364 2246 505 2312 dici
534 2250 790 2331 potest,
819 2251 1048 2313 artem
1073 2246 1523 2313 subtiliorem
1554 2248 1642 2314 ab
1670 2247 1874 2314 initio
1901 2258 2045 2315 non
2073 2251 2287 2317 modo

49 2361 135 2428 ab
173 2362 294 2430 his
321 2362 593 2430 cultam
627 2362 753 2430 sed
782 2362 998 2429 etiam
1031 2362 1470 2448 disputatam
1504 2363 1750 2431 tuisse.

1 2555 4 2576 ξ
133 2477 467 2565 Namque
499 2478 597 2558 bi,
634 2496 780 2547 non
809 2479 1000 2564 quod
1028 2478 1212 2546 alius
1245 2479 1530 2565 generis
1563 2479 1885 2549 satietate
1912 2481 2287 2551 afficeren-

49 2599 165 2662 tur
195 2600 325 2663 aut
352 2595 561 2662 aliter
587 2595 946 2663 scribendi
975 2599 1204 2662 artem
1235 2596 1615 2682 concipere
1642 2615 1788 2664 non
1821 2598 2165 2675 valerent,
2199 2600 2287 2666 ad

1 2689 3 2692 ’
49 2710 450 2779 obscurum
506 2728 736 2797 genus
785 2730 861 2779 se
908 2716 1444 2791 converterunt,
1494 2713 1617 2780 sed
1660 2714 1827 2797 quia
1867 2732 1942 2780 se
1991 2714 2284 2781 flexibili

49 2826 136 2893 ad
175 2827 427 2894 omnia
477 2828 745 2913 pariter
784 2828 1078 2913 ingenio
1116 2828 1477 2914 praeditos
1518 2847 1674 2895 esse
1715 2830 2090 2953 ostendere
2138 2828 2283 2914 jam

1 2931 4 3008 Ῐ
48 2946 199 3011 tum
245 2943 814 3011 delectabantur

801 3259 864 3327 3.
918 3259 1139 3345 Cujus
1190 3259 1537 3330 momenti

431 3375 524 3443 sit
571 3375 694 3441 illa
741 3376 828 3444 de
878 3377 1183 3443 obscura
1234 3376 1430 3462 poesi
1482 3376 1898 3461 disputatio

0 3711 3 3726 Ι
129 3638 314 3706 Cum
349 3638 685 3705 nonnulli
717 3638 922 3725 lyrici
953 3640 1038 3706 de
1070 3632 1390 3705 obscuro
1417 3656 1678 3724 genere
1719 3639 2068 3723 quasdam
2111 3658 2280 3707 sen-

45 3756 310 3821 tentias
336 3754 658 3833 tulerint,
688 3774 906 3839 quam
935 3755 1072 3821 late
1101 3759 1342 3821 manet
1371 3754 1491 3821 illa
1520 3754 1908 3840 disputatio
1936 3760 2002 3823 et
2031 3756 2281 3840 quales

1 3821 114 3962 {in
171 3871 601 3938 disserendo
657 3870 1140 3938 Provinciales
1200 3888 1274 3937 se
1337 3871 1800 3955 praebuerint
1858 3871 2276 3957 diligentius

1 3991 4 4018 ¹
47 3985 333 4053 dicendi
373 3986 657 4072 copiam
698 3986 1074 4053 habemus.

1 4091 3 4094 ’
132 4102 436 4169 Minime
462 4101 764 4168 dubium
792 4107 897 4169 est
925 4103 1100 4187 quin
1134 4103 1313 4169 ratio
1341 4121 1483 4187 qua
1516 4103 1830 4188 poeticae
1861 4103 2163 4170 orationi
2194 4105 2279 4171 de

1 4217 408 4291 industria
448 4217 849 4300 obscuritas
890 4219 1185 4294 affertur
1225 4219 1298 4294 in
1349 4218 1951 4313 vituperationem
2008 4218 2273 4302 cadat3

1 4319 6 4388 l
