2894 4999
973 461 1060 473 -
1106 409 1191 491 23
1236 340 1344 472 4,

0 620 332 687 tentiam
373 620 706 706 pluribus
733 622 1182 708 argumentis
1208 620 1784 689 confirmavisset
1816 619 1830 687 !
1876 619 2262 705 Reliquum

2 736 222 804 enim
265 755 563 805 carmen
613 737 912 807 omnino
961 738 1145 805 nihil
1194 738 1284 805 ad
1332 737 1662 805 eamdem
1717 755 1869 804 rem
1926 735 2255 821 pertinet.

2 849 551 921 Verumtamen
600 853 1053 921 Raimundus
1099 854 1234 920 sibi
1288 850 1441 939 i'pse
1490 852 1855 920 consensit
1903 857 1971 919 et
2019 853 2262 920 omnia

0 966 164 1037 iere
224 969 554 1036 carmina
607 988 738 1038 sua
791 970 1042 1038 eadem
1101 970 1492 1036 verborum
1546 968 1901 1036 tenuitate
1945 969 2255 1054 scripsit.

0 1081 274 1170 Itaque
303 1085 496 1152 haud
526 1086 889 1155 immerito
917 1086 1350 1172 praecipuus
1375 1085 1731 1152 dilucidae
1764 1085 1999 1170 poesis
2027 1084 2263 1152 fautor

2 1198 212 1268 inter
237 1201 582 1286 ejusdem.
611 1202 864 1268 aetatis
894 1202 1160 1288 lyricos
1186 1202 1551 1270 habetur¹.
1584 1200 1942 1281 Attamen,
1982 1206 2262 1286 praeter

2 1315 267 1384 locum
314 1337 535 1403 supra
575 1318 1188 1410 laudatum,.alter
1218 1323 1499 1384 tantum
1536 1318 1736 1384 locus
1769 1319 1843 1384 in
1875 1317 2260 1384 Raimundi

1 1433 480 1525 carminibus
521 1434 610 1500 ad
648 1433 987 1501 eamdem-
1019 1433 1518 1517 quaestionem
1551 1437 1872 1517 spectare
1912 1432 2196 1500 videtur
2241 1451 2254 1498 :

511 1601 748 1673 Gham,
784 1616 961 1679 quan
993 1620 1125 1660 ‘non
1153 1619 1213 1660 es
1250 1601 1364 1679 qui
1395 1601 1738 1671 l’entenda,

985 1714 1067 1753 no
1093 1701 1206 1772 pot
1234 1714 1331 1754 res
1362 1694 1563 1766 valer,

506 1809 538 1848 e
562 1808 688 1866 pus
722 1789 859 1849 lucc
890 1789 958 1847 ai
983 1809 1015 1848 e
1047 1789 1210 1848 lezer

508 1902 626 1960 que
655 1901 808 1941 mon
838 1883 933 1943 bel
961 1883 1162 1941 solatz
1191 1883 1538 1959 despenda,

507 1995 598 2035 ses
633 1995 763 2055 9ap
793 1977 851 2035 si
882 1977 994 2036 'un
1021 1995 1194 2054 pauc
1224 1977 1403 2034 auzit
1439 1995 1458 2034 :

508 2090 674 2148 quar
701 2076 824 2130 totz
853 2070 997 2129 di-tz.
1016 2088 1075 2129 es
1106 2069 1338 2129 ‘mielhs
1369 2070 1639 2146 qrazitz3

347 2169 550 2241 quant
580 2183 621 2221 a
653 2164 720 2222 la
749 2164 793 2241 fi
819 2182 1080 2240 pauzon
1111 2164 1221 2222 ben
1260 2162 1354 2220 las
1387 2181 1568 2220 razos
1601 2183 1618 2220 .-

345 2277 460 2334 per
489 2258 592 2334 qul
619 2259 720 2317 ieu
755 2258 902 2315 vuel
930 2259 1039 2334 far
1067 2258 1370 2316 entendre
1398 2275 1540 2315 mas
1566 2259 1893 2316 chansos’.

99 2434 198 2501 At
265 2437 516 2519 poetae
565 2433 832 2501 frustra
894 2433 1087 2501 enixi
1141 2438 1311 2501 sunt
1375 2437 1453 2499 ut
1518 2433 1922 2501 obscurum·
1974 2431 2256 2503 dicendi

0 2535 255 2643 genus
288 2550 637 2617 invidiam
673 2550 1093 2635 susciperet,
1127 2568 1295 2617 cum
1324 2550 1461 2616 hoc
1491 2549 1566 2615 in
1598 2550 1939 2617 extremis
1965 2549 2259 2616 Austra-

0 2653 199 2753 lium
236 2650 478 2755 poesis
519 2666 968 2756 temporibus
1008 2666 1447 2735 exstinctum
1492 2683 1635 2735 non
1674 2666 2073 2735 videamus,

1081 2912 1202 3005 ἐκ*

1 3201 3 3204 >
97 3168 276 3235 Post
309 3167 623 3253 priorem
672 3167 856 3234 tertii
898 3166 1155 3233 decimi
1189 3166 1457 3232 saeculi
1501 3169 1778 3250 partem
1809 3163 2256 3232 Landofran-

0 3293 142 3353 {cus
188 3282 466 3370 Cigala³
510 3283 583 3349 in
616 3284 929 3367 quodam
972 3282 1294 3349 carmine
1334 3282 1729 3348 obscurum
1769 3300 1998 3377 genus
2038 3280 2253 3347 etiam

0 3407 172 3470 tum
209 3398 500 3486 longius
532 3399 928 3466 insectatur
965 3417 978 3465 z

75 3596 132 3651 1.
182 3595 259 3649 V.
293 3594 360 3649 F.
394 3594 538 3650 Diez
572 3612 584 3650 :
627 3547 824 3649 Leberi
852 3593 974 3649 und
1012 3594 1222 3649 Werlce
1251 3591 1356 3648 der·
1391 3591 1843 3654 Tr‘ozcbadoutzss,
1878 3562 2001 3646 394ss

76 3702 134 3759 2.
187 3717 216 3754 «
250 3700 508 3758 Carmen
534 3698 688 3771 quod
715 3719 888 3756 nemo
908 3700 1208 3770 intellegit
1230 3702 1466 3755 nullum
1496 3699 1753 3770 pretium
1780 3698 1995 3754 habere
2022 3701 2213 3768 potest
2239 3715 2252 3765 ;

0 3803 150 3854 'cum
186 3790 390 3842 autem
423 3786 586 3841 locus
616 3786 695 3841 sit
735 3785 886 3841 mihi
919 3790 977 3841 et
1008 3784 1195 3839 otium
1229 3784 1465 3854 pulchri
1498 3783 1699 3854 gaudii
1744 3781 2110 3849 effundendi,
2145 3783 2256 3837 hoc

0 3871 397 3943 aliquantum
447 3874 670 3925 remoto
712 3870 838 3939 joco
879 3868 1260 3938 excipiatur3
1303 3885 1442 3923 nam
1484 3872 1659 3923 omne
1708 3883 1853 3936 opus
1898 3865 2123 3935 gratius
2168 3870 2256 3921 est

1 3947 148 4013 fcum
199 3955 266 4009 in
306 3959 574 4010 extremo
613 3953 877 4009 carmine
925 3970 1017 4008 res
1061 3956 1219 4007 recte
1266 3954 1678 4008 collocantur:
1723 3949 2105 4019 quamobrem
2152 3960 2255 4020 ego

0 4058 148 4097 mea
189 4038 466 4095 carmina
503 4038 772 4108 intellegi
804 4039 957 4093 volo.
993 4052 1021 4090 ›)
1066 4035 1324 4102 (Oltam,
1359 4054 1522 4108 quan
1563 4054 1681 4091 non
1710 4051 1770 4089 es
1802 4032 1904 4106 qui
1934 4032 2251 4102 l'entenda,

0 4141 63 4180 v.
99 4123 229 4189 1-8‚
263 4123 356 4177 M.
394 4123 468 4178 G.
497 4123 636 4178 1105
665 4128 724 4179 et
749 4123 888 4178 1106
919 4140 996 4177 ea:
1027 4118 1196 4176 codd.
1235 4123 1312 4177 H.
1348 4121 1440 4186 C.)

1 4275 4 4288 ᾗ
79 4238 134 4298 3.
183 4236 373 4305 Cujus
401 4235 670 4299 carmina
700 4233 860 4297 intra
890 4250 1074 4297 annos
1105 4233 1418 4296 1241-1257
1447 4233 1722 4313 ponenda
1747 4236 1905 4296 sunt.
