2894 4999
1549 396 1766 479 ⁴:46
1813 439 1904 461 „..

607 604 719 673 his
749 610 989 673 tamen
1014 606 1505 675 Raimundum
1527 608 1832 676 Vitalem
1860 608 2105 675 subtili
2136 607 2405 705 judicio
2433 606 2798 695 praeditum

595 723 830 789 juisse
871 729 1190 808 apparet.
1874 716 1877 721 ’

695 838 846 905 Imo
879 839 1163 905 videtur
1194 839 1314 905 ille
1346 857 1493 906 non
1536 824 1820 908 tantum
1862 843 1950 909 01)
1991 840 2410 920 sententiae,
2460 840 2799 907 sed-etiam

607 954 666 1019 si
708 954 1070 1038 quomodo
1111 954 1301 1021 idem
1335 955 1466 1022 has
1498 956 1825 1023 elocutus
1868 957 1958 1023 sit
1998 956 2363 1041 respiciaS,
2413 956 2665 1042 dignus
2700 954 2801 1040 qui

607 1069 965 1137 laudetur.
1731 1142 1736 1148 .

695 1185 971 1252 Etenim
1012 1186 1086 1251 in
1135 1186 1370 1270 primo
1420 1186 1604 1255 libro
1659 1188 1993 1254 nonnulli
2048 1189 2132 1254 de
2187 1192 2337 1254 arte
2378 1188 2643 1273 poetica
2688 1184 2801 1252 loci

604 1318 1032 1367 communes
1074 1302 1160 1367 ab
1202 1320 1283 1368 eo
1325 1302 1521 1368 haud
1562 1302 1837 1369 insulse
1877 1306 2301 1369 tractantur.
2351 1300 2494 1369 Etsi
2544 1303 2705 1369 haec
2740 1306 2802 1367 ut.

606 1420 830 1483 semet
858 1416 1099 1500 ipsum
1133 1417 1458 1483 laudaret
1486 1418 1686 1497 dixit,
1707 1456 1793 1463 —
1821 1419 2012 1503 quod
2042 1418 2365 1503 plerique
2394 1417 2712 1485 indecore
2734 1453 2804 1462 -

608 1533 1000 1616 prudenter
1033 1532 1152 1598 ille
1183 1538 1250 1598 et
1283 1539 1525 1618 aperte
1558 1534 1778 1600 simul
1812 1535 1997 1601 fecit.

701 1669 731 1711 «
789 1648 837 1713 E
893 1648 993 1715 sai
1050 1650 1188 1715 hen
1239 1667 1378 1733 que
1430 1654 1633 1716 mant
1674 1650 1887 1717 home
1928 1650 1950 1716 i
1989 1647 2425 1729 blas'meran,
2473 1669 2514 1717 0
2564 1651 2799 1718 diran:

613 1784 642 1827 «
700 1763 865 1831 aital
909 1782 1036 1830 ren
1079 1764 1099 1829 i
1139 1765 1355 1849 degra
1396 1764 1580 1831 mais
1621 1770 1870 1844 metre,
1918 1784 2004 1850 qe
2044 1766 2149 1833 sol
2182 1767 2251 1834 lo
2283 1771 2494 1851 quart
2535 1785 2673 1835 non
2710 1785 2805 1832 sa-

613 1899 644 1944 «
698 1880 906 1947 brian
960 1880 1066 1945 far
1116 1880 1188 1946 ni
1243 1880 1633 1959 conoisser,
1696 1880 1755 1947 si
1810 1898 1956 1948 non
2009 1898 2050 1947 0
2104 1881 2470 1948 trohessen
2528 1887 2646 1948 tan
2691 1882 2803 1948 ben

617 2016 648 2060 «
704 2001 1080 2063 assesmat.
1126 1995 1454 2062 Autressi
1490 2015 1615 2063 vos
1647 1997 1767 2082 dig
1806 2016 1891 2081 qe
1922 1997 2175 2065 homes
2208 1997 2437 2082 prims
2467 1998 2491 2064 i
2517 2017 2703 2071 aura,
2736 1996 2804 2061 de

615 2132 646 2175 «
699 2111 819 2178 cui
850 2129 977 2179 vos
1009 2111 1145 2191 dic,
1173 2112 1232 2178 si
1258 2116 1359 2179 tot
1392 2111 1627 2179 s’estai
1656 2113 1817 2192 ben,
1844 2132 1981 2198 que
2007 2114 2028 2179 i
2056 2114 2345 2180 sabrian
2373 2114 2512 2181 ben
2533 2113 2804 2193 ‚meilho-
2871 2120 2874 2173 2

613 2248 644 2292 «
699 2247 817 2295 rar
848 2246 889 2294 o
929 2228 1112 2293 mais
1144 2232 1371 2294 metre
1409 2249 1422 2303 ;
1470 2248 1598 2313 qar
1628 2248 1804 2314 greu
1844 2230 2165 2296 trobares
2197 2248 2439 2316 negun
2478 2231 2678 2297 saber
2705 2234 2816 2295 tan·

611 2363 642 2406 «
696 2344 836 2410 tort
889 2344 963 2409 ni
1017 2348 1139 2410 tan
1197 2343 1645 2429 primamenz
1694 2344 1835 2430 dig,
1874 2364 1959 2430 qe
2001 2364 2138 2412 uns
2191 2345 2364 2413 hom
2413 2345 2637 2432 prims
2675 2342 2803 2411 noi

607 2480 638 2525 «
693 2459 952 2527 saubes
985 2457 1381 2538 melhurar,
1421 2478 1462 2526 o
1491 2460 1673 2527 mais
1714 2462 2004 2528 metre¹.
2048 2482 2078 2527 »

692 2575 1179 2642 Nonne-haec
1237 2574 1730 2643 Raimundum
1790 2597 1957 2644 eum
2026 2577 2249 2645 fuisse
2307 2579 2431 2664 qui
2490 2578 2803 2647 acerrima
2871 2579 2874 2656 j

604 2692 926 2759 oratione
960 2691 1393 2758 sententiam
1427 2711 1636 2758 suam
1670 2693 2080 2760 defenderet
2110 2695 2610 2762 demonstrant
2637 2692 2671 2760 ‘?

694 2808 890 2874 Idem
923 2807 1063 2872 dici
1097 2811 1329 2891 potest
1356 2808 1441 2873 de
1474 2808 1613 2873 alio
1646 2808 1800 2875 loco
1828 2827 1969 2893 quo
1997 2807 2448 2876 Raimundus
2476 2808 2802 2896 quomodo

608 2929 855 3009 poetae
887 2923 1118 3008 decipi
1147 2923 1422 2989 soleant
1464 2924 1757 3008 exponit
1794 2943 1807 2989 :
2871 2921 2874 3012 f

649 3099 652 3106 .
695 3058 727 3102 «
782 3039 883 3105 En
913 3043 1166 3124 aquest
1199 3039 1407 3105 saber
1436 3039 1524 3104 de
1556 3040 1799 3105 trobar
1830 3058 1961 3107 son
1994 3046 2303 3126 enganat
2334 3042 2384 3107 li
2426 3042 2748 3109 trobador
2771 3056 2800 3104 e

607 3174 639 3219 «
693 3155 872 3221 dirai
906 3173 1034 3221 vos
1065 3173 1227 3221 com
1269 3153 1341 3220 ni
1376 3173 1503 3238 per
1543 3173 1651 3240 qe.
1696 3153 1773 3220 Li
1806 3155 2098 3222 auzidor
2138 3176 2229 3243 qe*
2255 3175 2384 3224 ren
2416 3175 2563 3224 non
2593 3157 2801 3224 inten-
2871 3199 2874 3252 5

610 3290 642 3334 «
696 3272 863 3350 don,
911 3276 1083 3358 qant
1123 3291 1352 3338 auzon
1394 3291 1495 3338 un
1534 3272 1673 3337 bon
1726 3272 2047 3351 chaman
2099 3273 2300 3340 faran
2342 3274 2693 3343 semblant
2734 3289 2801 3356 qe
2871 3345 2874 3420 i

2871 1738 2874 1815 l

2871 1818 2874 1873 l

2870 1874 2874 1949 l

2871 1952 2874 2009 l

2872 2563 2874 2574 -
2872 2521 2874 2528 .
2867 2356 2874 2477 ῌ--ᾈᾸ
2869 2184 2874 2315 -..---.-

677 3534 729 3588 1.
775 3548 802 3586 «
843 3535 978 3590 Non
1021 3551 1114 3588 me
1159 3535 1313 3604 fugit
1353 3536 1475 3588 fore
1513 3539 1580 3589 ut
1618 3534 1895 3589 nonnulli
1927 3536 2035 3588 hoc
2081 3537 2270 3600 (suam
2303 3536 2493 3606 ipsius
2533 3530 2797 3592 scribendi
2871 3513 2874 3598 Ῑ

608 3633 636 3671 «
680 3619 975 3673 rationem
1011 3619 1310 3688 significat
1342 3620 1740 3685 Raimundus)
1767 3620 2225 3689 reprehendant,
2258 3620 2523 3676 dieentes
2557 3639 2569 3677 :
2612 3621 2799 3675 «Hane
2871 3639 2874 3706 1

607 3719 635 3756 ((
679 3721 803 3758 rem
837 3721 1065 3773 quoque
1096 3704 1169 3758 ab
1200 3703 1313 3758 isto
1344 3704 1464 3758 dici
1495 3704 1773 3773 oportuit.
1810 3719 1837 3756 2)
1880 3704 1984 3758 Isti
2016 3721 2153 3758 vero
2184 3722 2257 3758 ne
2288 3710 2558 3774 quartam
2590 3704 2797 3775 quidem
2871 3715 2874 3766 ς

605 3799 633 3840 «
676 3789 854 3857 hujus
884 3788 1078 3858 operis
1118 3794 1348 3857 partem
1381 3790 1574 3842 facere
1614 3805 1721 3842 nee
1752 3789 2097 3857 intellegere
2128 3794 2384 3858 possent,
2419 3790 2535 3844 nisi
2568 3791 2669 3844 hoc
2696 3793 2795 3842 tam

609 3889 638 3926 «
679 3877 837 3927 recte
877 3873 1272 3942 compositum
1313 3872 1607 3927 viderent.
1657 3875 1805 3927 Item
1847 3873 2015 3927 vobis
2054 3873 2185 3927 dico
2225 3878 2345 3928 tam
2388 3875 2631 3929 subtiles
2666 3871 2797 3926 viros

607 3972 635 4010 «
678 3957 964 4012 exsistere
1022 3973 1190 4026 posse
1246 3961 1312 4012 ut
1369 3957 1527 4011 idem
1588 3973 1763 4027 opus,
1824 3958 2098 4026 quamvis
2155 3962 2382 4013 rectum
2441 3959 2547 4026 sit,
2614 3955 2796 4012 melius
2871 3943 2874 3994 ἶ

605 4056 634 4094 ((
675 4042 1013 4112 ampliusve
1047 4043 1273 4096 faciant
1303 4059 1315 4109 ;
1359 4043 1595 4096 nullum
1637 4041 1795 4096 enim
1832 4048 1919 4096 est
1957 4057 2102 4112 opus
2133 4047 2255 4097 tam
2286 4043 2544 4113 prudens
2574 4045 2669 4098 aut
2694 4045 2793 4094 tam
2871 4057 2874 4076 ÷

605 4141 634 4179 «
676 4125 977 4181 subtiliter
1019 4126 1386 4196 explicatum
1420 4126 1575 4196 quod
1605 4127 1700 4180 vir
1740 4126 1979 4180 subtilis
2020 4127 2234 4182 melius
2274 4128 2608 4198 ampliusve
2634 4128 2795 4181 faeere
2871 4159 2874 4202 i

605 4225 634 4264 (ι
676 4228 792 4266 non
821 4213 1039 4266 valeat.
1073 4226 1102 4264 »
1141 4209 1320 4275 Ιὺίιί.,
1350 4227 1408 4281 p.
1443 4210 1531 4266 69.
