2894 4999
1594 397 1985 486 ·—1'8-··-

741 585 1214 682 ‘Contenderat
1262 613 1459 681 enim
1500 614 1865 699 quondam
1917 613 2205 680 obscuri
2254 612 2539 698 generis
2596 609 2873 681 carme'

652 730 1018 798 difficilius
1058 729 1352 815 quidem
1397 729 1830 815 plerumque
1860 729 2203 814 intellegi,
2250 729 2374 796 sed
2408 747 2493 796 eo
2536 727 2881 813 majorem

652 846 943 914 laudem
969 845 1315 932 consequi
1343 844 1575 912 solere
1601 866 1617 925 ;
1652 845 1845 930 quod
1869 844 1985 910 his
2011 845 2341 914 versibus
2368 845 2881 912 confirmatur·

1357 1037 1536 1099 S'ieu
1552 1039 1745 1118 ιφὀτὶης]
1771 1040 1848 1098 ni
1880 1039 2008 1098 latz

1248 1138 1509 1193 ‘menutz
1533 1139 1701 1192 motz
1726 1140 1990 1204 serratz,

1243 1228 1436 1306 puois
1464 1247 1543 1287 en
1567 1226 1673 1287 sui
1706 1227 1987 1298 lauzatz,

1252 1341 1429 1399 quan
1458 1340 1571 1380 ma
1599 1340 1782 1381 razos
1814 1323 1979 1382 bona

1241 1435 1372 1494 par
1394 1417 1470 1475 ni
1498 1417 1895 1476 s’abandona
1924 1434 1947 1488 ;

1247 1511 1407 1572 c'om
1427 1512 1545 1570 ben
1568 1511 1959 1589 enseiynatz,

1449 1603 1507 1663 si
1532 1605 1628 1664 bei
1656 1624 1729 1664 ve

1214 1677 1317 1756 'ni
1346 1716 1501 1757 mon
1537 1699 1761 1758 dreich
1789 1700 2041 1777 chapte,

1241 1811 1374 1852 non
1400 1792 1528 1864 vol,
1561 1793 1630 1851 al
1658 1793 1837 1853 mieu
1866 1792 2093 1864 escien,

1243 1886 1340 1945 c'a
1368 1891 1493 1945 totz
1523 1887 1695 1945 chan
1723 1886 2239 1946 comunalmew.

735 2070 951 2144 Illum
981 2089 1150 2141 vero
1177 2071 1323 2159 jam
1349 2073 1423 2140 in
1451 2092 1534 2141 eo
1560 2077 1717 2143 esse
1745 2078 1823 2142 ut
1850 2091 2115 2142 novam
2137 2071 2499 2142 scribendi
2526 2072 2882 2142 rationem

645 2189 926 2257 affectet
974 2187 1290 2274 quodam
1331 2188 1654 2257 carmine
1694 2187 2257 2268 demonstratur,
2303 2190 2378 2256 in
2423 2207 2569 2275 quo
2626 2191 2859 2258 meliu

644 2305 974 2376 futurum
1016 2323 1172 2372 esse
1222 2305 1392 2372 dicit
1433 2305 1492 2372 si
1538 2325 1569 2368 «
1606 2305 2109 2374 cantiunculas
2159 2306 2379 2374 laetas
2427 2324 2602 2373 cum
2656 2306 2881 2374 verbis

646 2421 996 2507 pulchriS,
1029 2421 1229 2488 omni
1256 2439 1342 2488 ex
1376 2427 1576 2506 parte
1608 2421 1961 2489 dilucidas
1988 2428 2055 2489 et
2096 2423 2371 2508 planaS,
2410 2440 2644 2508 quam
2680 2423 2857 2490 nimi

643 2538 987 2604 obscuras
1019 2544 1086 2605 et
1117 2537 1457 2606 distortas
1489 2538 1851 2605 ediderit².
1893 2560 1925 2604 »

735 2652 1014 2719 Etenim
1081 2659 1326 2738 postea
1384 2654 1459 2720 id
1522 2655 1744 2739 cupit,
1814 2655 2137 2738 carmina
2200 2674 2331 2722 sua
2388 2655 2476 2721 ab
2536 2656 2879 2724 omnibus

641 2767 983 2854 intellegi,
1014 2774 1092 2836 ut
1123 2788 1209 2836 ex
1242 2769 1617 2837 nonnullis
1652 2771 1980 2837 versibus
2012 2771 2504 2856 conjecturam
2537 2770 2877 2849 iacimus,

641 2884 904 2968 quibus
946 2889 1013 2951 et
1053 2890 1348 2970 apparet
1387 2890 1663 2952 ceteros
1714 2892 1960 2971 poetas
2011 2904 2157 2952 non
2206 2890 2396 2953 recte
2435 2886 2881 2971 judicavisse

641 3000 815 3085 quid
846 2999 965 3067 ille
1005 3005 1390 3067 conaretur
1431 3018 1574 3085 quo
1606 3001 1910 3067 clariora
1941 3002 2265 3069 carmina
2299 3001 2649 3069 conderet
2687 3022 2703 3069 z
2756 3020 2881 3091 quo

637 3114 718 3183 fit
749 3120 1001 3183 utnon
1028 3116 1184 3183 sine
1217 3117 1533 3202 quodam
1562 3118 1936 3185 stomacho
1968 3118 2157 3186 dicat
2188 3137 2201 3183 :

635 3328 1076 3385 illustrissimos
1115 3328 1268 3385 facio
1294 3326 1325 3384 ‘?
1351 3330 1441 3385 Et
1471 3329 1535 3384 in
1566 3330 1675 3384 hoc
1705 3329 2006 3385 elaboravi
2036 3335 2105 3385 ut
2138 3330 2387 3386 subtiles
2419 3329 2709 3387 homines
2742 3349 2881 3405 quas

637 3414 942 3470 cantiones
973 3414 1286 3469 conderem
1319 3413 1757 3483 intellegerent.
1789 3428 1818 3467 ›)
1862 3415 1890 3482 (
1892 3414 1991 3470 No
2013 3432 2161 3488 pose
2190 3412 2383 3487 susrir
2412 3414 2552 3487 qu'a
2582 3414 2654 3469 la
2688 3405 2879 3485 Zlolor·⁹

634 3513 693 3553 v.
727 3498 900 3554 61-66
933 3516 946 3566 3
987 3499 1064 3553 Ρ.
1101 3498 1172 3553 Ο.
1205 3516 1263 3569 p.
1297 3499 1449 3563 131.)

710 3610 762 3664 1.
807 3624 836 3663 «
979 3609 1043 3665 Si
1088 3610 1268 3679 jungo
1298 3614 1356 3665 et
1386 3614 1558 3666 necto
1599 3610 1835 3666 minuta
1878 3614 1936 3666 et
1978 3627 2179 3680 pressa
2216 3610 2418 3678 verba,
2451 3609 2679 3667 deinde
2722 3614 2805 3670 ob
2835 3612 2879 3668 id

634 3694 835 3765 ipsum
884 3695 1110 3762 laudor,
1153 3711 1288 3749 cum
1334 3712 1533 3749 meum
1568 3694 1802 3750 'bonum
1849 3699 2265 3765 argumentum
2312 3700 2559 3765 apparet
2601 3701 2669 3751 et
2718 3696 2877 3768 quasi

633 3780 913 3836 omnibus
961 3779 1383 3851 permittitur3
1434 3796 1574 3835 nam
1629 3779 1751 3835 scio
1804 3780 2132 3850 quemlibet
2179 3780 2379 3835 virum
2429 3780 2877 3849 doctissimum,

634 3868 792 3919 recte
822 3865 896 3920 de
926 3866 1034 3920 hoc
1065 3864 1432 3935 judicantem
1470 3882 1787 3935 meumque
1816 3865 1911 3934 jus
1951 3869 2240 3931 tuentem,
2274 3866 2434 3920 nolle
2464 3882 2560 3920 me
2593 3868 2879 3925 omnibus

633 3965 818 4019 aeque
855 3967 1084 4005 canere.
1120 3964 1148 4002 »
1194 3948 1467 4022 (Laflors
1497 3949 1550 4003 el
1582 3967 1823 4022 cer-yart,
1871 3966 1931 4004 v.
1978 3948 2150 4004 36-46
2182 3965 2196 4017 3
2237 3949 2326 4005 Μ.
2372 3949 2443 4005 G.
2477 3948 2604 4018 848,
2637 3968 2721 4007 ex
2754 3954 2877 4009 eod.

633 4034 732 4100 A.)
765 4063 829 4071 —-
859 4035 994 4091 Non
1026 4033 1385 4089 sententiam
1417 4034 1693 4089 Kolsenii
1715 4034 2132 4104 approbamus,
2158 4033 2259 4103 qui
2282 4032 2604 4105 quemdam
2624 4034 2879 4093 Geraldi

633 4118 897 4175 amicum
928 4118 1022 4174 his
1052 4118 1250 4174 verbis
1279 4118 1606 4188 significari
1637 4117 1966 4173 existimat.
2002 4119 2099 4184 (V.
2134 4135 2225 4185 op.
2261 4117 2453 4184 laud„
2487 4136 2545 4189 p.
2573 4120 2701 4187 42.)

703 4230 757 4286 2.
799 4229 944 4285 Dels
976 4230 1096 4285 bele
1127 4228 1266 4304 diqz
1296 4229 1751 4304 menutzsrays‚
1780 4247 1840 4286 v.
1873 4229 2001 4286 9-13
2031 4247 2045 4299 ;
2084 4228 2177 4286 Μ.
2217 4230 2289 4287 G.
2317 4229 2443 4300 241,
2470 4247 2544 4288 ex
2569 4230 2708 4289 cod.
2738 4232 2817 4291 C.
