2894 4999
1077 383 1431 453 —73-

127 579 250 648 dat
287 598 300 645 :
347 598 386 647 e
420 580 673 648 multis
713 580 1469 657 animadversionibus
1504 582 1746 667 colligi
1785 586 2017 667 potest
2057 582 2255 649 hunc
2284 581 2377 649 de

127 694 198 761 vi
233 694 594 780 cujusque
621 695 878 780 poetici
909 697 1192 781 generis
1226 697 1513 781 propria
1543 697 1970 765 meditatum
2010 715 2191 765 esse.

221 811 505 879 Etenim
548 813 825 880 multus
857 819 964 880 est
1005 814 1079 881 in
1124 814 1305 880 vitio·
1335 815 1651 881 notando
1684 816 1876 901 quod
1912 832 2197 899 semper
2229 814 2373 881 tere

132 928 210 993 in
255 928 480 995 medii
509 929 663 995 aevi
699 929 954 996 litteris
997 930 1484 1014 reprehendas
1522 949 1535 996 :
1582 931 1926 997 orationis
1957 930 2375 996 redundan—

131 1042 308 1109 tiam
366 1043 740 1111 dicimus¹.
801 1044 894 1111 Eo
947 1046 1178 1130 magis
1233 1046 1322 1113 oh
1379 1047 1516 1114 hoc
1569 1045 2040 1112 Guillelmum
2095 1044 2372 1111 laudari

129 1158 361 1238 decet,
401 1160 593 1245 quod
625 1178 789 1227 raro
828 1160 1122 1227 illorum
1152 1154 1565 1246 temporum
1593 1162 1981 1246 scriptores
2006 1162 2193 1229 hanc
2220 1179 2375 1229 rem

131 1280 604 1342 curaverunt.
667 1274 802 1343 Sed
860 1276 1139 1344 utinam
1191 1276 1623 1343 Guillelmus
1676 1278 1831 1364 ipse
1878 1278 1964 1343 de
2017 1277 2155 1344 hoc
2204 1276 2375 1342 vitio

129 1390 385 1457 minus
422 1392 770 1459 verbosus
802 1380 1054 1459 fuisset
1088 1393 1100 1459 l
1146 1392 1351 1460 Hunc
1377 1394 1573 1460 enim
1601 1394 1899 1460 meliora
1931 1393 2215 1471 vidisse,
2250 1393 2375 1459 sed

129 1506 492 1573 deteriora
526 1513 857 1575 secutum
886 1514 1076 1575 recte
1107 1509 1400 1575 dixeris,

220 1623 322 1689 De
354 1621 718 1691 contrario
759 1622 954 1702 vitio,
1002 1624 1074 1691 id
1104 1630 1210 1691 est
1250 1626 1338 1691 de
1379 1624 1602 1692 nimia
1642 1625 1991 1693 brevitate
2028 1622 2376 1710 (brevem)

130 1738 329 1803 haud
374 1738 620 1805 minus
653 1738 1016 1823 sapienter
1056 1740 1342 1807 locutus
1381 1747 1489 1807 est
1527 1758 1539 1805 :
1588 1759 1781 1819 nam,
1820 1745 2202 1826 postquam
2238 1741 2376 1807 hoc

131 1854 819 1937 reprehendendum
855 1855 1038 1921 dixit
1069 1855 1130 1922 si
1170 1856 1685 1923 obscuritatem
1726 1856 2067 1934 attulerit,
2115 1856 2376 1922 verbo-

131 1988 301 2036 rum
335 1970 857 2039 detractionem
888 1970 1084 2037 addit
1115 1971 1403 2038 tolerari
1439 1990 1651 2057 posse
1680 1972 1740 2038 si
1768 1972 1855 2039 de
1886 1990 1962 2039 re
1994 1971 2375 2038 notissima

131 2085 465 2169 quaestio
505 2085 658 2153 sit'.

221 2200 387 2267 Alia
412 2207 653 2270 autem
683 2203 770 2269 de
797 2203 1118 2270 oratione
1144 2209 1210 2270 et
1240 2204 1572 2270 versibus
1599 2204 2111 2270 convenienter
2138 2188 2377 2288 praes-

131 2317 366 2401 cripta
393 2318 681 2403 excerpi
710 2324 1039 2403 possunt.
1077 2317 1507 2403 Quanquam
1538 2319 1733 2385 enim
1762 2323 2046 2403 poetam
2078 2319 2377 2403 diligen-

130 2432 417 2499 tissime
471 2434 895 2521 disciplinae
950 2436 1447 2521 obtemperare
1503 2436 1682 2511 vult,
1747 2435 1945 2501 hunc
2002 2435 2075 2501 in
2131 2434 2372 2520 legum

131 2550 511 2635 angustias
543 2568 689 2617 non
731 2570 1016 2636 semper
1046 2551 1438 2636 compellit.
1479 2551 1616 2629 Sic,
1655 2552 1740 2618 de
1766 2551 2103 2617 inanibus
2138 2550 2375 2617 verbis

133 2664 423 2750 (gallice
451 2663 786 2751 chevilles)
818 2668 1046 2734 multa
1074 2667 1253 2734 dixit
1291 2686 1303 2732 :
1350 2669 1571 2734 verbo
1598 2685 1801 2743 (mar,
1835 2667 1973 2733 nisi
2006 2685 2212 2734 mens
2241 2667 2376 2734 hoc

133 2781 481 2866 requirat,
531 2782 958 2868 scriptorem
1011 2783 1111 2849 uti
1165 2784 1390 2850 vetat³
1431 2802 1443 2849 :
1492 2801 1673 2867 quae
1715 2783 2246 2850 animadversio
2301 2782 2375 2848 in

131 2897 544 2982 permultos
573 2886 838 2982 lyricos
865 2898 1078 2965 cadit.
1113 2898 1245 2965 Sed
1275 2898 1525 2964 eodem
1557 2899 1711 2964 loco
1738 2899 1929 2964 haud
1964 2897 2373 2964 inconsulto

132 3013 332 3080 addit
365 3012 796 3081 Guillelmus
832 3014 1043 3099 longa
1086 3019 1437 3100 poemata,
1486 3033 1653 3081 cum
1688 3014 1775 3079 ad
1818 3014 2061 3080 minus
2102 3020 2373 3080 certam

133 3130 494 3197 rationem
520 3135 1078 3214 componantur,
1112 3131 1384 3215 majore
1412 3130 1697 3197 licentia
1726 3130 1798 3195 in
1828 3130 2066 3196 verbis
2094 3135 2375 3196 struen-

131 3245 244 3312 dis
270 3244 412 3310 frui
437 3263 679 3329 posse:
708 3245 839 3311 etsi
863 3246 998 3312 hac
1021 3250 1368 3330 potestate
1392 3245 1940 3311 immoderatius
1965 3245 2065 3311 uti
2088 3251 2372 3330 poetam

131 3378 284 3426 non
352 3360 575 3438 decet,
648 3360 1001 3445 judicium
1068 3359 1583 3427 existimatoris
1651 3360 2183 3427 animadversio
2250 3361 2373 3427 illa

129 3475 429 3543 indicat.

219 3699 422 3766 Idem
463 3700 817 3785 judicium
860 3700 931 3765 in
976 3699 1348 3766 nonnullis
1401 3698 1801 3784 praeceptis
1843 3716 2024 3783 quae
2065 3702 2235 3763 sunt
2284 3697 2371 3764 de

131 3816 472 3886 versibus
514 3815 878 3882 struendis
920 3815 1346 3882 ostenditur.
1393 3814 1517 3892 Ita,
1555 3833 1724 3880 cum
1765 3814 2155 3881 verborum
2195 3830 2371 3879 con-

199 4012 255 4066 1.
299 4011 388 4065 ne
419 4010 529 4064 hoc
555 4026 613 4063 v.
648 4009 751 4075 111,
785 4025 842 4078 p.
877 4007 1118 4064 132-136
1152 4026 1164 4063 :
1208 4009 1298 4062 De
1336 3973 1701 4063 Ver-bositdt.

196 4108 253 4165 2.
297 4107 376 4161 v.
407 4106 512 4173 111,
544 4122 602 4176 p.
630 4105 754 4161 138.

197 4207 250 4264 3.
296 4205 375 4262 v.
410 4205 515 4272 111,
548 4221 606 4278 p.
645 4203 768 4263 392.
