2894 4999
185 1451 265 1520 In
304 1452 392 1519 iis
434 1449 776 1537 operibus
817 1457 1003 1536 quae*
1049 1447 1287 1516 adhuc
1334 1448 2075 1515 commemoravimus
2125 1446 2337 1515 test'i-·

109 1567 341 1636 monia
380 1568 471 1635 ad
511 1570 741 1668 artem
781 1565 1187 1634 litterarum
1229 1565 1847 1633 aestimandarum
1900 1564 2331 1650 pertinentia

14 1701 16 1782 J
110 1684 371 1770 passim
396 1683 896 1752 inveniuntur.
926 1681 1068 1750 Etsi
1093 1681 1357 1749 horum
1381 1681 1612 1749 multa
1635 1680 1903 1748 leviora
1926 1685 2048 1747 aut
2071 1698 2330 1766 parum

14 1833 16 1874 :
109 1799 392 1868 definita
431 1800 793 1879 videntur,
833 1816 977 1866 non
1016 1801 1123 1865 est
1162 1815 1294 1865 cur
1331 1798 1510 1865 haec
1548 1797 1803 1864 durius
1844 1796 2333 1882 reprehenda-

109 1935 286 1996 muS,
318 1935 489 1984 cum
521 1916 910 2002 scriptores
940 1914 1045 1982 illi
1075 1931 1220 1981 non
1261 1913 1335 1980 in
1367 1912 1829 1980 existimandi
1862 1917 2012 1980 arte
2041 1912 2331 1998 proprie

14 2085 16 2096 .
109 2038 588 2101 versarentur.

187 2148 341 2217 Non
381 2149 575 2216 idem
629 2148 794 2216 licet
843 2147 1171 2215 dicamus
1214 2146 1300 2213 de
1349 2145 1824 2231 scriptoribus
1874 2145 1999 2232 qui
2049 2140 2333 2211 technici

112 2264 631 2332 nominantur:
693 2282 862 2330 nam
923 2262 1021 2342 hi,
1080 2281 1250 2330 cum
1309 2265 1859 2348 praeceptorum
1922 2261 2330 2328 dandorum

111 2399 317 2449 causa
357 2399 575 2467 opera
623 2379 1190 2465 composuerint,
1246 2397 1498 2445 earum
1547 2376 2093 2455 sententiarum,
2152 2395 2331 2462 quas

111 2496 256 2566 sive
313 2497 400 2565 de
459 2495 688 2583 poetis
747 2495 899 2564 sive
957 2495 1043 2563 de
1104 2499 1253 2563 arte
1310 2494 1658 2573 tulerunt,
1724 2493 1927 2580 qua'si
1980 2493 2331 2561 rationem

12 2616 14 2663 ἲ
112 2613 384 2682 debent.

191 2728 285 2809 Ex
334 2729 423 2797 iis
462 2729 804 2815 operibus
845 2746 1027 2815 quae
1076 2728 1379 2795 docendi
1417 2744 1636 2829 causa
1676 2745 1715 2793 a
1759 2725 2331 2794 Provincialibus

111 2845 385 2913 condita
426 2849 620 2924 sunt,
654 2845 798 2912 duo
837 2848 1123 2912 tantum
1155 2843 1547 2930 quamdam
1576 2841 1958 2909 utilitatem
1991 2841 2332 2927 praebere

112 2966 429 3046 possunt,
459 2960 521 3027 si
549 2960 712 3046 quis
740 2965 1099 3046 quatenus
1126 2959 1231 3026 illi
1257 2958 1343 3025 de
1370 2957 1626 3025 litteris
1652 2957 2065 3025 existimare
2095 2958 2333 3024 value-

113 3076 248 3145 rint
276 3094 637 3163 exponere
663 3076 868 3144 velit¹
911 3094 924 3143 :
975 3094 1006 3139 «
1042 3071 1140 3142 las
1165 3077 1373 3142 Rasos
1399 3070 1479 3141 de
1512 3070 1771 3140 Trobar
1797 3092 1829 3138 »
1872 3078 1941 3141 et
1984 3092 2014 3136 «
2051 3069 2149 3140 las
2177 3075 2334 3161 Leys

174 3353 225 3408 1.
273 3352 402 3409 Etsi
468 3349 858 3407 Breviarium
923 3348 1190 3414 Amor-isi,
1260 3348 1414 3420 quod
1481 3349 1834 3405 Manfredus
1898 3350 2331 3419 Ermengaldus

111 3436 486 3493 Bitterrensis
551 3452 708 3491 anno
764 3434 904 3492 1288
964 3435 1221 3490 scribere
1285 3434 1587 3501 instituit,
1647 3438 1713 3490 ut
1775 3451 1981 3489 omnes
2039 3434 2327 3491 bonarum

111 3521 319 3577 artium
386 3520 742 3591 disciplinas
807 3519 882 3575 ad
938 3519 1280 3589 aequalium
1339 3534 1581 3573 suorum
1646 3535 1821 3573 usum
1891 3519 1999 3573 hoc
2062 3522 2331 3589 poemate

113 3608 617 3677 complecteretur,
651 3604 809 3660 inter
839 3604 1104 3674 ejusdem
1149 3602 1381 3673 generis
1420 3619 1598 3673 opera
1636 3606 1722 3658 est
1760 3603 2240 3670 adscribendum,
2274 3608 2331 3658 et

113 3692 297 3747 multa
339 3692 412 3747 de
461 3690 786 3761 lyricorum
832 3690 996 3745 fama
1041 3687 1390 3744 testimonia
1431 3687 1693 3758 praebet,
1741 3689 1884 3743 haec
1932 3687 2329 3759 praetermitti

111 3791 268 3846 posse
295 3775 738 3832 existimamus
786 3775 960 3830 Illam
993 3772 1285 3844 poematis
1316 3775 1546 3843 partem
1580 3770 1934 3843 respicimus
1978 3789 2126 3842 quae
2156 3789 2330 3828 versu

109 3860 270 3916 27791
310 3860 531 3931 incipit
565 3876 579 3929 ;
631 3858 984 3914 inscribitur
1027 3861 1227 3914 autem
1288 3872 1317 3910 «
1353 3857 1406 3911 le
1439 3854 1710 3930 per-illios
1751 3858 1977 3911 tractat
2006 3854 2256 3912 d’amor.
2296 3872 2326 3909 υ

114 3942 240 4006 Qua
261 3944 320 3999 in
350 3950 522 4016 parte
548 3946 984 4014 permultorum
1016 3946 1286 3998 veterum
1314 3941 1640 4012 lyricorum
1674 3940 1787 3996 loci
1820 3941 2158 4007 laudantur,
2187 3958 2331 4011 quo-

114 4044 240 4082 rum
269 4030 492 4099 placita
522 4028 654 4084 ideo
679 4029 925 4099 exponit
955 4027 1387 4097 Ermengaldus
1413 4043 1527 4096 quo
1553 4030 1714 4081 recta
1742 4042 1836 4081 ars
1865 4026 2129 4093 amandi,
2159 4032 2243 4081 tot
2274 4031 2332 4082 et

12 4114 14 4123 '
113 4116 232 4167 tam
275 4114 555 4183 gravibus
601 4112 942 4168 auctoribus
995 4112 1307 4177 adhibitis,
1363 4110 1657 4165 illustrior
1708 4112 1810 4165 fiat
1866 4110 2162 4165 omnibus.
2222 4110 2331 4165 Ille

113 4202 320 4265 autem,
352 4198 495 4253 dum
528 4201 729 4268 poetas
760 4197 985 4259 laudat,
1019 4197 1163 4267 quid
1194 4197 1266 4251 de
1309 4196 1400 4251 his
1431 4196 1559 4266 ipse
1590 4194 1811 4251 sentiat
1841 4211 2013 4265 saepe
2043 4194 2322 4250 declarat.

114 4280 190 4339 At
229 4288 530 4356 propterea
559 4282 712 4356 quod
753 4281 1103 4341 Manfredus
1143 4281 1214 4339 de
1267 4280 1528 4339 moribus
1570 4280 1948 4353 potiusquam
1994 4279 2067 4337 de
2108 4279 2328 4337 litteris
