2894 4999
929 377 1168 474 ..433
1215 443 1306 453 —

17 601 302 674 definita
333 606 602 676 suntet
641 601 1118 676 infirmiorem
1149 594 1521 689 iudicandi
1559 600 1975 672 facultatem
2006 590 2243 676 decla-

19 726 165 789 rant
180 742 197 800 ;
223 725 597 806 praeterea
625 719 928 787 minoris
955 724 1124 786 sunt
1153 718 1386 803 pretii,
1407 719 1577 804 quia
1608 735 1819 806 saepe
1845 715 2241 804 persimilia

19 840 173 904 sunt
203 836 327 904 vel
360 853 506 904 000
545 836 722 904 satis
754 835 1134 904 dissimilia
1165 835 1353 903 inter
1383 853 1485 903 se.
1522 833 1723 915 Quod
1762 834 1824 902 si
1864 839 2022 906 tum
2060 834 2242 906 forte

8 969 170 1021 >cum
211 952 308 1024 de
347 949 832 1020 mediocribus
883 952 1110 1040 poetis
1151 952 1388 1039 agitur
1417 950 1721 1023 'tolerari
1759 954 1993 1037 potest
2038 948 2242 1039 (nam

21 1067 283 1136 multos
312 1067 684 1136 Australes
709 1063 990 1154 ¹lyricos
1032 1086 1290 1153 parum
1331 1067 1520 1135 inter
1560 1085 1637 1136 se
1664 1066 2055 1136 dissimiles
2084 1085 2244 1136 esse

23 1183 199 1251 haud
228 1180 748 1270 infitiandum),
782 1189 1099 1253 attamen
1131 1183 1268 1251 isto
1296 1188 1504 1269 pacto
1532 1182 1940 1270 praeclaros
1967 1188 2237 1270 poetaS,
2318 1167 2323 1173 ⁶

21 1316 174 1367 cum
195 1301 278 1368 hi
305 1299 492 1368 inter
518 1319 593 1368 se
615 1300 1006 1368 virtutibus
1034 1299 1523 1385 peculiaribus
1546 1297 1903 1380 differant,
1936 1299 2245 1386 judicari

25 1433 154 1484 non
194 1417 425 1484 decet.

104 1531 450 1600 Similiter
488 1532 633 1600 tere
673 1532 748 1599 in
786 1528 952 1600 Vitis
999 1531 1212 1602 multi
1259 1535 1511 1620 poetae
1550 1538 2238 1616 commemorantur,

25 1647 103 1717 (19
139 1649 409 1735 quibus
449 1629 521 1716 id
562 1653 847 1716 tantum
887 1648 1320 1741 plerumque
1359 1648 1646 1728 dicitur,
1692 1649 1826 1718 hos
1884 1668 1916 1714 (1
1961 1647 2245 1722 versifi-

29 1764 225 1836 candi
286 1770 354 1832 et
407 1764 715 1837 canendi
765 1764 1036 1854 peritos
1080 1784 1113 1829 11
1170 1765 1418 1834 fuisse.
1484 1763 1645 1844 Sed,
1696 1783 1786 1833 09
1835 1769 1983 1834 tam
2040 1765 2247 1858 parvi

27 1881 367 1948 momenti
414 1880 685 1967 judicia
736 1879 1010 1948 diutius
1050 1881 1564 1967 perscribendo
1618 1880 1936 1951 taedium
1988 1880 2248 1960 aflera-

8 1989 204 2076 'mus,
238 2013 553 2082 quorum
585 1997 660 2064 in
688 1996 854 2065 vitis
886 1996 1153 2064 similia
1183 1997 1639 2083 reperiantur
1663 1994 2040 2084 designare
2071 1997 2245 2126 satis

8 2111 169 2179 'sit¹.
1858 2167 1864 2173 .

8 2277 10 2308 ÷
109 2225 438 2296 Ceterum
471 2246 758 2316 semper
785 2228 930 2297 fere
962 2234 1207 2314 poetas
1239 2229 1314 2296 in
1343 2226 1509 2296 Vitis
1534 2229 1870 2298 laudibus
1897 2234 2248 2299 ornantur

8 2331 142 2432 {aut
173 2350 364 2413 certe
389 2345 628 2413 lenius
659 2343 1076 2431 judicantur
1108 2364 1122 2412 :
1168 2363 1311 2432 quo
1341 2350 1409 2413 et
1435 2344 1838 2413 infirmiora
1861 2345 2046 2413 fiunt
2071 2347 2249 2414 haec

8 2451 307 2545 {iudicia
355 2458 542 2529 Raro
580 2461 778 2530 90110
807 2459 884 2531 tit
918 2467 998 2531 ut
1035 2461 1662 2549 reprehendantur
1700 2467 1970 2549 poetae,
2008 2466 2131 2531 aut
2172 2467 2248 2532 ut

10 2592 188 2647 ¹cum
217 2579 642 2665 exceptione
675 2578 1084 2648 laudentur.
1117 2579 1298 2665 Ergo
1325 2598 1469 2665 quo
1495 2578 1767 2648 rariora
1797 2584 1969 2647 sunt
1997 2578 2250 2665 hujus·

29 2693 216 2763 modi
257 2693 548 2780 judicia,
595 2713 677 2764 90
719 2696 952 2782 magis
992 2695 1193 2765 decet
1231 2696 1409 2764 haec
1446 2695 1711 2764 afferri.

10 2814 13 2893 ζ
111 2807 211 2879 lta
247 2810 336 2879 119
372 2809 740 2881 Alberteto
777 2812 1041 2880 dicitur
1075 2830 1090 2878 ε

12 3132 414 3213 {Romanensis
457 3142 539 3213 (Ρ.
579 3139 694 3208 94),
751 3140 1046 3200 Guidonis
1104 3139 1549 3200 Cavillonensis
1587 3143 1668 3218 (Ρ.
1709 3137 1823 3208 94),
1884 3138 2127 3215 Rigaldi
2174 3135 2249 3197 (19

12 3214 393 3281 ῗΤὴαΡαεο009
422 3227 503 3296 (Ρ.
527 3223 641 3293 94),
675 3225 996 3281 Bertrandi
1027 3225 1100 3281 de
1130 3227 1348 3296 Pogeto
1374 3228 1455 3296 (p.
1481 3225 1593 3294 94),
1627 3225 1955 3282 Raimundi
1986 3226 2059 3283 de
2090 3225 2249 3283 Salis

14 3308 110 3387 {(P·
140 3307 245 3377 95),
286 3309 608 3367 Bertrandi
649 3310 721 3366 de
759 3311 1103 3367 Lamanone
1133 3313 1214 3382 (Ρ.
1246 3311 1360 3379 95),
1395 3310 1714 3368 Guillelmi
1752 3310 1826 3366 de
1864 3308 2251 3381 Berguedano

14 3392 109 3462 ,(Ρ.
155 3393 264 3462 98),
319 3394 560 3455 Albai-ti
608 3397 690 3468 (Ρ.
740 3395 890 3463 104),
951 3396 1115 3453 Petri
1163 3396 1238 3453 de
1289 3396 1464 3453 Mula
1510 3398 1591 3468 (p.
1638 3396 1788 3463 104),
1846 3394 2249 3453 Landofranci

14 3472 261 3547 =Cigalae
289 3481 371 3551 (Ρ.
404 3479 553 3548 105),
585 3479 865 3550 Magistri
890 3480 1124 3537 Ferrari
1167 3483 1247 3551 (Ρ.
1281 3480 1428 3547 110).

99 3600 150 3657 1
183 3602 260 3659 v.
291 3601 469 3661 vitas
517 3603 688 3660 Eiiae
735 3602 810 3661 de
848 3604 1108 3675 Barjolis
1147 3606 1228 3675 (p
1269 3604 1383 3672 49),
1437 3605 1734 3661 Amairici
1781 3606 1857 3661 ae
1906 3600 2249 3663 nellinodio

16 3686 114 3765 (Ρ
144 3686 250 3755 50),
282 3688 557 3758 Hugonis
586 3685 660 3743 (19
690 3690 898 3746 Penna
927 3692 1008 3759 (Ρ.
1040 3689 1154 3757 50),
1188 3689 1505 3746 Guillelmi
1534 3689 1608 3745 de
1635 3690 1810 3747 Turri
1840 3692 1922 3762 (Ρ.
1948 3690 2063 3759 51),
2097 3691 2257 3749 Gau·-

16 3771 210 3829 eetmi
237 3772 466 3831 Faiditi
487 3774 570 3843 (Ρ.
594 3772 706 3842 35),
739 3772 908 3831 Petri
939 3773 1203 3845 Rotgerii
1230 3776 1311 3845 (p.
1334 3773 1447 3841 53),
1482 3774 1647 3831 Petri
1673 3775 2006 3832 Bet-mundi
2037 3772 2253 3834 Claudi

16 3842 119 3943 }.(p
149 3853 1280 3929 89),Β199118891;1(Ρ.95),3910100111
1320 3856 1587 3926 Jordani,
1628 3859 2003 3918 vicecomitis
2044 3859 2255 3919 Sancti

16 3904 422 4015 Anton1n1(p
447 3940 560 4011 42),
596 3938 1552 4015 Gu11101m1V11P1otavens1s(p
1582 3943 1659 4011 6),
1694 3944 2011 4003 Gausberti
2037 3944 2254 4003 Podio-

35 4020 346 4081 cibotensis
389 4028 472 4099 (Ρ.
522 4024 635 4096 48),
688 4027 854 4085 Petri
913 4028 1243 4085 Raimundi
1287 4030 1369 4100 (Ρ.
1419 4027 1534 4097 63),
1595 4028 1912 4087 Guillelmi
1967 4027 2253 4089 Ademari

18 4082 120 4189 {(1)-
147 4107 252 4178 63),
285 4110 638 4185 Perdigonis
668 4115 748 4185 (p.
781 4114 895 4181 71),
930 4112 1247 4169 Guillelmi
1289 4112 1515 4171 Ficarii
1545 4115 1626 4185 (Ρ.
1658 4113 1772 4183 76),
1820 4114 2141 4177 Rambaldi
2181 4114 2255 4170 de

18 4186 333 4252 {vaccariis
361 4194 444 4269 (Ρ.
477 4194 591 4265 85),
625 4195 912 4255 Cadeneti
943 4198 1024 4269 (Ρ.
1056 4196 1169 4263 93).

2092 4307 2132 4371 3
