2894 4999
1024 382 1334 459 ...5-

45 583 428 674 fecerunt,
485 586 730 680 magis
779 586 1034 660 idonei
1086 586 1398 661 fuerunt
1443 588 1576 683 qui
1629 588 1721 661 de
1776 587 2081 683 scriptis
2124 588 2290 666 suis

45 711 546 783 dissererent.
2282 716 2287 723 ’

151 836 326 908 Jam
392 859 600 909 nunc
666 837 999 931 intellegi
1071 847 1313 933 potest
1373 861 1513 911 cur
1576 862 1619 911 a
1680 838 2288 911 provincialibus

42 961 253 1033 nihil
287 962 683 1057 judicandi
731 972 862 1035 aut
904 964 1226 1036 docendi
1269 986 1499 1036 causa
1538 966 1907 1059 scriptum
1954 965 2053 1036 sit
2082 966 2287 1058 quod

39 1109 208 1159 non
241 1086 336 1159 ad
372 1087 783 1182 lyricorum
824 1096 1218 1182 poetarum
1260 1111 1488 1183 opera
1519 1090 1913 1183 pertineat,
1946 1111 2119 1161 cum
2155 1112 2288 1184 per

39 1212 245 1285 hacc
289 1214 767 1307 potissimum
815 1222 1102 1285 tantam
1145 1214 1449 1286 laudem
1481 1215 1636 1286 sint
1678 1216 2088 1287 consecuti.

157 1338 240 1409 ln
302 1338 553 1432 priore
600 1337 830 1432 hujus
883 1340 1551 1411 commentationis
1610 1348 1822 1434 parte
1869 1362 1954 1411 ea
2003 1341 2285 1433 scripta

39 1462 680 1557 percensebimus
721 1464 796 1535 in
837 1463 1137 1557 quibus
1175 1486 1619 1558 quanquam
1662 1487 1813 1536 non
1857 1464 2162 1558 proprie
2190 1464 2285 1536 ad

38 1588 484 1660 litterarum
517 1570 1001 1681 disciplinam
1035 1596 1166 1660 aut
1203 1589 1298 1661 ad
1325 1590 1787 1683 scriptorum
1828 1590 2287 1661 aestimatio-

38 1736 232 1785 nem
293 1721 658 1807 spectant,
717 1714 1084 1785 nonnulla
1144 1724 1393 1785 tamen
1445 1693 1734 1808 judicia
1794 1724 2285 1808 praeceptave

37 1839 286 1931 digna
351 1861 546 1931 qnae
620 1848 1142 1910 memorentur
1215 1839 1532 1932 reperiri
1612 1847 1950 1932 possunt.
2031 1839 2283 1911 Altera

35 1973 305 2037 autern
373 1987 549 2057 pars
601 1965 744 2035 erit
801 1964 894 2035 de
950 1964 1322 2058 ejusmodi
1379 1964 1736 2058 operibus
1780 1987 1973 2057 quae
2023 1965 2136 2035 vel
2191 1964 2283 2035 de

34 2088 326 2162 litteris
389 2089 678 2182 aliquid
739 2088 1214 2183 praecipiant
1266 2088 1381 2159 vel
1445 2089 1813 2181 quosdam
1872 2089 2283 2183 scriptores

23 2214 414 2311 judicent,
460 2236 635 2287 cum
669 2215 987 2286 docendi
1031 2215 1281 2308 potius
1313 2235 1541 2308 quam
1588 2213 2013 2285 delectandi
2055 2236 2284 2287 causa

37 2339 359 2413 condita
419 2339 593 2410 sint.
660 2340 770 2410 lta
835 2362 922 2411 ex
982 2339 1327 2432 utrisque
1381 2339 1461 2411 id
1520 2348 1995 2432 compertum
2058 2338 2285 2412 habe-

37 2465 331 2550 bimus
411 2472 792 2558 quatenus
871 2462 1383 2537 provinciales
1443 2463 1841 2559 judicandi
1927 2464 2283 2538 facultate

41 2589 375 2685 praediti
406 2588 736 2660 suerint:
779 2610 1010 2682 quam
1047 2610 1202 2660 rem
1239 2589 1423 2660 dnm
1457 2588 2282 2683 inquiremUS.jamdiu

41 2721 434 2787 notorum·
476 2712 790 2806 quidem
858 2735 1176 2807 operum
1234 2713 1520 2785 mentio
1573 2713 1755 2784 fiet:
1824 2713 1955 2785 sed
2011 2715 2103 2785 de
2160 2713 2281 2786 his

43 2838 398 2912 nondum
457 2861 543 2910 00
601 2838 1084 2933 potissimum
1131 2839 1445 2911 consilio
1489 2839 1859 2932 scriptum
1903 2846 2015 2910 est
2052 2838 2145 2910 ab
2186 2839 2281 2910 iis

39 2964 182 3060 qui
241 2986 320 3034 se
377 2963 471 3035 ad
529 2963 998 3035 Australium
1056 2964 1483 3035 litterarum
1542 2963 1884 3035 studium
1935 2962 2281 3035 contule-

43 3095 252 3162 runt.
