2894 4999
1024 385 1380 471 ...ffid

333 811 419 883 b).
463 812 627 879 Quae
665 813 745 869 sit
783 814 976 885 poesis
1017 818 1232 870 natura
1269 814 1594 869 secundum
1641 810 2061 869 Guillelmum.

157 1047 244 1114 In
292 1047 660 1116 Guillelmi
701 1044 982 1132 Leyibus
1031 1046 1470 1132 paucissima
1518 1046 1604 1113 de
1644 1045 1922 1132 poetico
1969 1046 2316 1114 instinctu

71 1162 584 1244 inveniuntur,
631 1164 719 1231 de
759 1181 904 1249 quo
943 1163 1018 1230 in
1060 1162 1315 1247 primis
1357 1162 1596 1247 quivis
1636 1162 1822 1229 alius
1870 1161 2321 1230 existimator

68 1285 394 1349 curaret.
429 1279 588 1371 Non
615 1284 723 1348 est
761 1298 894 1347 cur
926 1281 1063 1346 hoc
1093 1278 1470 1357 miremur,
1502 1297 1670 1346 cum
1702 1278 2011 1363 scriptor
2040 1278 2317 1365 poesim

69 1396 514 1484 praesertim
575 1396 653 1463 in
710 1394 951 1462 verbis
1009 1399 1077 1461 et
1136 1394 1468 1462 versibus
1530 1392 1927 1480 deligendis
1988 1402 2320 1464 constare

69 1513 470 1581 existimet.
502 1510 702 1591 Quod
741 1512 888 1598 jam
922 1517 1077 1578 tum
1111 1529 1278 1580 cum
1314 1510 1619 1579 verbum
1647 1507 1885 1577 trobar
1911 1511 2319 1581 definiendo

70 1629 393 1715 explicat
433 1633 730 1714 apparet
762 1645 775 1693 :

163 1766 198 1810 «
251 1744 568 1812 Trobars
609 1762 684 1827 es
733 1744 842 1810 iar
881 1744 1044 1811 noel
1083 1744 1302 1812 dictat
1341 1761 1431 1811 en
1492 1761 1787 1812 romans
1844 1744 1915 1824 fi,
1966 1744 2061 1821 ,be
2113 1763 2320 1813 com-

75 1862 389 1947 passat'.
426 1881 460 1926 »

163 1976 451 2045 Etenim
497 1976 558 2044 si
597 1975 820 2061 hujus
859 1975 1299 2044 definitionis
1348 1975 1593 2044 omnia
1632 1975 1851 2044 verba
1890 1975 2137 2045 animo
2172 1976 2320 2044 cir-

73 2092 545 2178 cumspiciaS,
584 2092 763 2159 haec
792 2092 1138 2178 primum,
1181 2088 1338 2158 noel
1375 2088 1607 2170 dictat,
1653 2091 1929 2159 nullius
1968 2092 2319 2161 momenti

72 2228 230 2277 esse
291 2209 542 2300 dicas;
587 2207 844 2275 deinde
896 2208 1096 2287 haec,
1149 2224 1431 2273 romans
1480 2204 1551 2296 fi,
1598 2207 1930 2295 scriptori
1981 2208 2317 2276 dictionis

72 2324 583 2393 salubritatem
626 2341 842 2391 curae
873 2341 1031 2390 esse
1061 2322 1519 2402 confirmant,
1556 2324 1733 2390 dum
1764 2325 1941 2391 haec
1979 2322 2313 2409 denique,

69 2437 145 2508 bc
183 2445 590 2527 compassat⁹
637 2439 886 2525 quanti
927 2439 1019 2507 sit
1061 2438 1408 2506 momenti
1451 2444 1701 2525 poetae
1732 2439 1821 2506 ad
1860 2439 2063 2507 illam
2095 2439 2317 2508 disci-

71 2557 357 2644 plinam
390 2555 778 2623 informato
812 2573 924 2622 res
966 2555 1262 2622 metrica
1302 2557 1825 2623 demonstrant.

160 2673 265 2740 Ex
310 2672 400 2738 iis
440 2676 683 2739 autem
716 2670 892 2738 locis
933 2671 1056 2756 qui
1089 2671 1178 2737 ad
1218 2671 1457 2756 poesis
1490 2677 1827 2740 naturam
1867 2677 2217 2757 spectant,
2255 2671 2316 2739 is

68 2794 179 2857 est.
225 2786 536 2854 maximi
581 2785 921 2871 ponderis
955 2804 1098 2871 quo
1138 2785 1572 2854 Guillelmus
1614 2805 1757 2871 qua
1796 2787 2073 2854 ratione
2112 2792 2318 2872 poeta

69 2923 259 2990 opus
289 2901 582 2989 aggredi
609 2902 860 2970 debeat
886 2901 1180 2986 exponit
1213 2919 1227 2967 ε
1267 2920 1411 2968 non
1439 2902 1632 2987 quod
1660 2901 2015 2970 sententia
2040 2902 2199 2988 eius
2225 2903 2319 2970 sit

72 3018 478 3106 probanda,
539 3018 664 3085 sed
723 3017 892 3103 quia
952 3036 1315 3103 nusquam
1369 3017 1637 3084 clarius
1690 3018 1999 3103 scriptor
2055 3019 2321 3086 detexit

74 3135 253 3222 quid
291 3134 368 3200 in
395 3133 727 3201 versibus
759 3133 1156 3200 condendis
1184 3132 1526 3201 omnibus
1552 3134 1769 3201 rebus
1797 3139 2269 3221 praeponeret
2300 3152 2315 3201 :

75 3253 146 3319 id
185 3254 413 3336 caput
444 3248 943 3335 significamus
975 3250 1169 3335 quod
1200 3249 1296 3315 ita
1326 3248 1751 3316 inscribitur
1785 3267 1799 3315 :

163 3386 198 3430 «
255 3364 525 3432 Mostra
559 3383 686 3452 per
711 3365 880 3450 qual
915 3365 1235 3432 maniera
1262 3370 1383 3450 pot
1415 3366 1588 3431 hom
1615 3365 1839 3433 haver
1868 3365 2321 3434 entroductio

69 3502 162 3551 en
188 3480 502 3548 materia
542 3479 716 3548 afar
746 3498 910 3548 vers
941 3499 978 3548 e
1004 3481 1277 3547 chanso
1305 3485 1375 3548 et
1407 3480 1617 3565 alqus
1657 3486 1900 3549 autres
1928 3481 2245 3554 dictatz¹.
2283 3501 2316 3546 »

136 3752 193 3810 1.
239 3765 275 3806 <t
318 3749 432 3807 Ille
461 3754 550 3806 est
575 3755 749 3821 poeta.
773 3749 875 3820 qui
906 3749 1114 3821 lingua
1138 3751 1411 3807 Romana
1438 3751 1513 3807 ad
1540 3767 1764 3806 novum
1789 3767 1936 3823 opus
1966 3767 2318 3822 componen-

69 3839 214 3896 dum
245 3835 570 3893 emendate
599 3840 658 3890 et
687 3852 1000 3891 numerose
1029 3835 1238 3892 utitur.
1273 3851 1302 3890 »
1344 3838 1413 3904 (1,
1447 3853 1505 3906 p.
1538 3835 1615 3902 8).

136 3952 194 4008 2.
241 3965 274 4004 «
315 3949 582 4006 Docetur
621 3965 738 4018 qua
774 3947 1004 4004 ratione
1041 3953 1394 4018 argumenta
1435 3964 1717 4003 versuum
1762 3951 1821 4002 et
1865 3946 2213 4003 cantionum
2262 3951 2321 4004 et

71 4036 510 4094 nonnullorum
558 4032 812 4092 aliorum
854 4037 1194 4102 poematum
1220 4031 1501 4094 ,inveniri
1546 4031 1794 4103 possint.
1830 4046 1859 4084 ›>
1900 4031 2027 4098 (111,
2069 4047 2127 4102 p.
2168 4030 2317 4098 376).

70 4123 189 4180 Hic
219 4135 436 4177 versus
467 4117 766 4190 poeticum
798 4133 980 4187 genus
1011 4116 1386 4173 Provinciali
1416 4133 1691 4174 sermone
1716 4132 1846 4172 vers
1875 4114 2107 4172 dictum
2138 4114 2318 4186 signi·

69 4208 229 4264 fleat.
